4946 6528
625 1501 800 1638 Verum
832 1544 1049 1636 maximus
1081 1543 1244 1663 patrius
1285 1565 1418 1661 poeta
1449 1544 1664 1635 maximas
1701 1579 1768 1636 res
1798 1545 1965 1663 patriae
2004 1545 2046 1635 in
2086 1543 2354 1635 memoriam

471 1720 659 1793 revocat.
706 1697 870 1791 Scilicet
887 1695 1082 1815 proxime
1098 1695 1225 1786 instat
1242 1693 1331 1786 dies
1347 1697 1422 1787 toti
1439 1695 1702 1788 Germaniae
1717 1697 1968 1789 laetissimus
1984 1695 2358 1816 exoptatissimus

473 1886 563 1972 quo
616 1849 813 1941 natalicia
864 1846 1175 1968 Augustissimi
1230 1847 1501 1965 Imperatoris
1546 1847 1812 1940 Germaniae
1862 1847 2188 1967 Borussiaeque
2246 1846 2358 1965 regis
2423 1831 2424 1886 l

473 2003 786 2097 GVlLELMI
816 2004 840 2093 l.
871 2001 946 2093 rite
978 1998 1319 2090 celebrabuntur.
1379 2001 1485 2090 Non
1524 2020 1587 2090 est
1617 1999 1681 2090 fas
1719 2033 1862 2119 neque
1894 1999 1983 2091 fieri
2020 2021 2181 2118 potest,
2227 2019 2278 2089 ut
2318 1997 2356 2087 in
2423 2045 2424 2054 κ

472 2175 598 2248 tanto
644 2187 857 2244 concursu
895 2151 1161 2245 Germaniae
1199 2151 1483 2270 omniumque
1522 2151 1723 2243 ordinum
1761 2152 1907 2270 populi
1943 2151 2139 2243 maximo
2182 2149 2355 2272 gaudio

472 2305 722 2398 Academia
748 2325 901 2396 nostra
926 2303 1173 2396 Christiana
1194 2302 1424 2394 Albertina
1456 2338 1556 2395 cum
1587 2303 1672 2395 suis
1704 2304 1866 2395 civibus
1904 2325 2040 2396 vacet.
2101 2305 2264 2423 ltaque
2296 2302 2353 2392 ab

473 2493 526 2550 ea
556 2459 598 2548 in
631 2491 799 2576 magna
829 2458 928 2548 aula
960 2457 1027 2547 die
1059 2455 1177 2546 XXI.
1208 2456 1367 2546 mensis
1391 2455 1535 2547 Martii
1565 2458 1672 2547 hora
1702 2458 1718 2548 l
1748 2476 1847 2576 post
1877 2455 2100 2548 meridiem
2122 2453 2358 2547 sollemnia

474 2611 816 2722 celebrabuntur,
847 2609 888 2700 in
919 2609 1077 2727 quibus
1110 2607 1359 2699 communia
1390 2608 1585 2699 omnium
1617 2629 1724 2700 vota
1745 2641 2115 2726 communemque
2147 2606 2357 2700 laetitiam

474 2763 610 2854 oratio
648 2762 706 2853 ab
744 2795 797 2852 eo
836 2761 908 2880 qui
948 2764 986 2852 h.
1018 2785 1043 2852 t.
1080 2794 1259 2853 munere
1295 2761 1544 2878 professoris
1581 2761 1850 2880 eloquentiae
1887 2761 2088 2881 fungitur,
2125 2761 2169 2850 F
2169 2759 2354 2852 riderico

474 2916 606 3028 BlasS,
636 2914 776 3033 patrio
806 2947 1005 3005 sermone
1037 2912 1244 3005 habenda
1275 2912 1629 3032 interpretabitur.

625 3066 706 3158 His
744 3065 1019 3158 sollemnibus
1065 3087 1113 3158 ut
1155 3085 1362 3184 prompto
1400 3065 1648 3184 lubentique
1685 3066 1832 3158 animo
1869 3066 2071 3156 interesse
2113 3065 2263 3178 velint,
2302 3097 2353 3155 ea

473 3254 564 3338 qua
601 3253 682 3338 par
714 3241 777 3311 est
814 3217 1093 3310 observantia
1132 3217 1412 3337 magistratus
1444 3217 1607 3337 Regios
1643 3218 1895 3337 perillustres
1934 3251 2034 3308 cum
2072 3217 2217 3309 civiles
2257 3239 2351 3308 turn

473 3371 683 3483 militares,
714 3369 993 3489 magistratus
1017 3369 1189 3461 urbicos
1213 3402 1385 3461 summe
1410 3369 1626 3482 colendos
1657 3404 1881 3461 sacrorum
1907 3368 2111 3460 antistites
2135 3400 2352 3461 maxume

473 3523 754 3636 reverendos
796 3523 970 3614 scholae
1012 3520 1287 3613 humanitatis
1333 3520 1574 3612 studiorum
1615 3520 1900 3613 fundamenta
1944 3542 2117 3612 strenue
2158 3519 2351 3613 iacientis

474 3696 775 3794 praeceptores
808 3675 1172 3788 honoratissimos
1203 3707 1282 3765 nec
1313 3707 1402 3764 non
1434 3674 1548 3764 viros
1579 3673 1913 3791 spectatissimos
1951 3673 2349 3792 omatissimosque,

475 3827 548 3946 qui
579 3813 723 3946 aliquo
755 3825 877 3918 olfrcii
909 3827 977 3917 vel
1015 3825 1256 3918 studiorum
1288 3825 1459 3917 vinculo
1496 3859 1597 3917 cum
1634 3825 1908 3917 universitate
1948 3847 2096 3917 nostra
2132 3823 2349 3916 coniuncti
2423 3821 2424 3880 9

474 3999 585 4090 sunt,
618 3977 806 4096 denique
827 3979 944 4070 urbis
968 3979 1128 4070 incolas
1160 4001 1201 4069 et
1234 3977 1484 4097 quicunque
1507 3977 1671 4097 patriae
1692 3999 1865 4070 nostrae
1888 3979 2035 4069 lavent
2064 3976 2347 4096 cupiuntque,

474 4151 653 4250 rogatos
684 4130 884 4222 invitatos
916 4164 1009 4223 esse
1040 4131 1190 4221 volunt
1221 4129 1382 4220 Rector
1418 4149 1459 4221 et
1490 4129 1802 4221 Consistorium
1834 4128 2135 4220 academicum
2167 4129 2349 4220 Univer-

473 4281 604 4374 sitatis
635 4282 840 4374 Kiliensis

712 4503 900 4584 [tatanus
929 4503 1041 4584 littae
1069 4503 1304 4584 narratorum
1333 4501 1391 4583 lie
1418 4503 1460 4583 Χ.
1488 4503 1629 4586 nensis
1657 4501 1780 4584 llartti
1808 4501 2116 4585 muccctxxxll.
