4946 6528
298 1787 519 1922 Phaethontis
542 1851 724 1936 Errnpideae
753 1850 875 1914 fabulae
901 1849 1076 1932 fragmenta
1106 1849 1166 1914 tluo
1189 1849 1265 1913 satis
1295 1850 1388 1932 longa
1417 1849 1559 1914 eoodice
1589 1848 1837 1926 claromontano,
1870 1847 1922 1930 qui
1950 1825 2032 1912 inter

144 1963 303 2028 Parisinos
332 1963 546 2039 11111101,
574 1963 632 2026 hoo
658 1963 764 2025 nostro
791 1960 912 2024 saeculo
939 1962 1074 2042 primum
1102 1959 1186 2022 edita
1217 1961 1298 2024 suut.
1356 1961 1415 2024 Est
1440 1960 1492 2024 ille
1524 1959 1617 2023 0011111
1647 1960 1851 2042 epistularum
1883 1961 1913 2024 S.
1940 1960 2030 2025 Pauli

149 2074 338 2149 notissimus,
378 2073 456 2137 sexti
484 2076 521 2136 ut
550 2075 662 2156 putant
697 2071 819 2146 saeculi,
850 2089 885 2134 eo
914 2070 1048 2134 maxime
1074 2071 1212 2152 insignis,
1242 2071 1324 2152 quod
1354 2069 1505 2160 πιχηδόν
1535 2071 1667 2152 scriptus
1691 2075 1752 2142 est;
1782 2071 1920 2151 singulos
1948 2071 2030 2135 euim

145 2203 253 2248 versus
276 2183 400 2264 singula
421 2185 576 2246 commata
598 2182 756 2245 interdum
777 2181 988 2244 minutissima
1009 2183 1168 2263 occupant
1205 2181 1340 2244 Additur
1363 2181 1461 2244 versio
1477 2180 1581 2254 latina,
1605 2199 1684 2260 quae
1709 2199 1724 2242 e
1747 2179 1871 2260 regione
1894 2181 2031 2246 Graecae

145 2293 314 2376 scripturae
336 2293 368 2356 in
391 2293 496 2356 alteris
519 2293 638 2376 paginis
661 2295 770 2356 exstat.
815 2291 974 2354 Librarius
998 2291 1063 2355 eius
1086 2290 1206 2368 codicis,
1230 2289 1479 2356 comioliaduo
1501 2290 1643 2373 (10.1112
1667 2291 1699 2354 11
1723 2288 1798 2374 163)
1822 2309 1897 2354 casu
1920 2292 2030 2373 aliquo,

144 2409 181 2467 ut
201 2403 330 2480 videtur,
353 2403 460 2468 vitiata
482 2405 593 2480 essent,
616 2403 654 2466 ad
678 2402 889 2485 supplendum
911 2401 1061 2466 damnum
1084 2401 1215 2466 totidem
1239 2421 1274 2464 01
1290 2401 1455 2484 Euripidae
1478 2400 1581 2464 codiee
1605 2401 1741 2478 abstulit,
1764 2419 1878 2483 easque
1901 2403 2031 2467 eircum-

146 2513 274 2578 cidendo
309 2533 365 2578 suo
401 2514 493 2578 codici
530 2513 654 2596 aptavit.
710 2513 901 2596 Scripturam
936 2515 1072 2576 veterem
1101 2512 1222 2588 delevit,
1257 2511 1348 2576 Pauli
1378 2512 1472 2576 verba
1501 2511 1621 2574 Graece
1655 2513 1885 2594 superscripsit3
1922 2533 2031 2578 verum

146 2625 318 2689 versionem
340 2624 484 2688 Latinam
513 2622 619 2686 alteris
647 2623 767 2706 paginis
796 2641 858 2687 non
885 2622 998 2698 intulit,
1029 2621 1082 2685 sed
1112 2623 1169 2686 has
1199 2621 1352 2705 scriptura
1373 2639 1482 2686 vacare
1512 2639 1623 2704 passus
1650 2623 1705 2685 est.
1756 2621 1903 2687 Ceterum
1932 2625 2032 2689 lineae

146 2739 349 2811 transversae,
371 2735 403 2798 in
426 2735 538 2816 quibus
560 2753 668 2798 versus
692 2734 908 2811 scriberentur,
938 2733 1034 2824 etiam
1055 2732 1102 2796 bis
1124 2733 1246 2816 paginis
1268 2733 1412 2796 inductae
1434 2731 1555 2814 sunt.¹)
1600 2731 1704 2797 Codici
1726 2735 1832 2796 autem
1855 2733 1931 2798 haee
1953 2755 2033 2800 nova

147 2845 219 2910 folia
243 2865 278 2909 eo
299 2845 392 2908 modo
413 2845 538 2922 inserta,
567 2847 603 2908 ut
623 2863 731 2926 margo
754 2844 879 2909 interior
901 2843 1146 2926 complicaretur,
1176 2845 1340 2924 insutoque
1363 2842 1434 2906 lolio
1455 2861 1527 2925 pars
1550 2843 1732 2925 complicata
1754 2845 2033 2925 conglutinaretur.

149 2956 230 3020 Cum
253 2959 358 3019 autem
381 2956 494 3019 veteris
517 2955 686 3039 scripturae
707 2956 810 3019 multa
831 2973 932 3037 neque
962 2955 1092 3019 obscura
1119 2954 1250 3035 vestigia
1277 2955 1499 3038 comparerent,
1531 2953 1639 3016 abesse
1667 2973 1729 3018 non
1756 2955 1857 3036 potuit
1890 2956 1964 3036 quin
1996 2976 2033 3020 ea

147 3085 197 3130 res
220 3066 339 3130 animos
361 3066 497 3130 virorum
519 3065 681 3130 doctorum
705 3065 887 3130 adverteret.
924 3065 1036 3146 Itaque
1060 3064 1204 3128 adhibitis
1227 3064 1325 3129 solitis
1340 3064 1583 3140 medicamentis,
1607 3064 1719 3145 quihus
1735 3066 1887 3148 scriptura
1904 3067 2034 3130 evanida

145 3177 357 3254 resuscitatur,
380 3178 472 3258 longe
487 3177 622 3241 1111111111
637 3177 873 3260 Euripideorum
889 3194 1036 3240 versuum
1052 3193 1123 3258 pars
1146 3176 1221 3239 satis
1244 3175 1404 3239 commode
1427 3173 1490 3254 legi
1512 3175 1612 3256 potuit
1634 3173 1848 3258 descriptaque
1870 3179 1919 3240 est
1941 3181 1973 3241 et
1995 3179 2034 3241 ab

146 3288 186 3352 H.
208 3287 305 3352 Hesio
335 3290 366 3351 et
394 3289 432 3352 ab
460 3287 656 3351 Immanuele
678 3287 827 3351 Bekkero.
871 3287 917 3350 llx
942 3287 1035 3350 111111
1066 3286 1242 3368 apographo
1271 3285 1390 3368 primus
1421 3284 1517 3349 edidit
1539 3283 1576 3351 G.
1600 3285 1771 3366 Borgesius
1800 3287 1971 3351 Britannus
1999 3289 2032 3352 in

147 3399 244 3461 Diarii
266 3399 385 3462 classici
407 3397 590 3482 („Olassical
605 3398 774 3482 Journal‘)
796 3398 855 3464 vol.
879 3397 970 3461 XXII
991 3396 1103 3480 (1820)
1127 3417 1156 3480 p.
1175 3396 1254 3468 156;
1278 3397 1462 3460 subsecutus
1485 3399 1533 3460 est
1554 3397 1636 3478 apud
1659 3416 1715 3461 nos
1738 3397 1930 3462 Godoiredus
1952 3399 2033 3463 Her-

147 3527 291 3585 mannus,
320 3508 369 3571 cui
398 3510 430 3571 et
455 3507 587 3571 Behheri
617 3508 829 3591 apographum
856 3510 978 3589 praesto
1006 3507 1066 3570 1111
1095 3511 1127 3570 11
1148 3507 1236 3570 Hasii
1262 3507 1331 3584 duo,
1358 3507 1573 3571 dissertatione
1603 3526 1630 3573 1.
1656 3507 1736 3570 1821
1768 3509 1889 3592 scripta,
1917 3510 2033 3574 inserta

148 3619 311 3703 postmodo
334 3617 563 3701 Opuseulorum
585 3618 734 3682 volumini
757 3618 856 3683 tertio.
900 3617 972 3682 Non
999 3618 1058 3682 luit
1085 3619 1172 3682 cuius
1201 3617 1361 3682 ardentius
1391 3607 1530 3681 studium
1560 3618 1618 3682 hee
1648 3619 1795 3706 reliquiae
1818 3621 1933 3684 veteris
1955 3621 2031 3685 artis

147 3727 773 3812 11111111011111111111111601111
803 3727 916 3791 nostri:
945 3728 997 3808 qui
1025 3728 1134 3793 eodem
1164 3747 1245 3793 anno
1272 3727 1503 3792 adumbraudae
1531 3729 1626 3794 totius
1654 3730 1832 3809 tragoediae
1858 3731 2032 3813 perieulum

147 3841 229 3917 fecit,
245 3839 399 3904 conversis
410 3838 594 3920 fragmentis
609 3839 752 3902 omnibus
765 3838 797 3901 in
812 3841 952 3901 nostram
963 3838 1102 3920 linguam
1119 3841 1151 3902 et
1166 3839 1302 3920 quadam
1317 3842 1410 3902 tenus
1426 3857 1462 3903 11
1477 3839 1599 3921 ingenio
1616 3839 1774 3922 suppletis.
1805 3840 1925 3904 Deinde
1940 3861 2033 3924 pecu-

148 3953 215 4015 liari
231 3949 491 4016 commentatione
499 3949 727 4014 Phaethontem
739 3948 938 4030 Euripideam
951 3949 1118 4012 illustravit
1130 3949 1282 4012 Sebaldus
1293 3949 1362 4013 Rau
1374 3949 1513 4014 Batavus
1522 3949 1561 4034 ²13
1580 3950 1641 4014 alia
1656 3949 1787 4014 contulit
1797 3949 1828 4016 J.
1839 3950 2033 4034 h.Hartong

148 4064 180 4125 in
197 4063 278 4128 Mus.
296 4061 356 4128 Rh.
373 4061 430 4124 vol.
446 4059 475 4124 V
490 4081 519 4143 p.
539 4061 601 4122 573
619 4059 667 4142 (oi.
686 4059 792 4142 Eurip.
813 4059 947 4126 restitut.
968 4060 1026 4123 vol.
1046 4059 1087 4136 H,
1107 4059 1165 4121 191
1185 4062 1277 4141 sqq.);
1300 4058 1361 4122 alio
1375 4059 1554 4124 Welclrerus
1569 4059 1682 4124 ibidem
1698 4081 1727 4144 p.
1745 4060 1804 4122 591
1823 4064 1855 4124 11
1869 4061 1901 4124 in
1918 4081 2032 4143 magno

147 4191 237 4254 opere
253 4172 291 4235 de
307 4171 472 4252 tragoediis
488 4171 606 4252 graecis
621 4171 801 4254 conscripto.
828 4169 904 4234 Post
917 4170 1050 4234 Hosium
1062 4170 1300 4249 Bekkerumque
1316 4187 1414 4244 nemo,
1430 4171 1511 4252 quod
1528 4170 1673 4252 equidem
1694 4170 1799 4246 seiam,
1824 4170 1935 4236 codicis
1960 4173 2035 4236 scri-

150 4285 276 4362 pturam
291 4281 391 4345 denuo
413 4282 659 4356 examinaverat3
682 4299 762 4362 quae
786 4282 868 4348 enim
884 4283 951 4344 erat
968 4281 1099 4345 Bekkeri
1115 4283 1146 4344 et
1161 4280 1314 4344 industria
1335 4283 1367 4344 et
1387 4279 1419 4344 in
1442 4279 1596 4344 codicibus
1612 4280 1879 4362 qualibuscunque
1895 4283 2033 4364 legendis

147 4391 332 4467 exercitatio,
353 4410 415 4455 non
429 4392 583 4456 immerito
599 4391 780 4474 desperasse
796 4409 904 4455 omnes
920 4391 1065 4454 videntur
1086 4392 1176 4474 plura
1198 4393 1364 4457 rectiorave
1386 4392 1510 4456 omuino
1531 4391 1593 4471 legi
1619 4410 1719 4473 posse.
1757 4391 1893 4456 Revera
1916 4393 2033 4477 optime

147 4500 192 4563 illi
214 4501 279 4564 viro
301 4501 470 4566 clarissimo
491 4503 549 4565 1100
571 4521 694 4583 quoque
716 4502 876 4582 negotium
898 4502 1063 4574 successit;
1086 4502 1290 4585 plurimaque,
1314 4520 1394 4582 quae
1410 4501 1543 4565 Hasium
1567 4500 1748 4582 obtigerant,
1771 4501 1855 4565 illius
1871 4505 2032 4568 oculorum

147 4613 246 4675 aciem
275 4610 409 4692 effugere
437 4631 498 4676 non
528 4615 712 4695 potuerunt3
744 4631 824 4692 quae
855 4615 962 4675 autem
989 4615 1167 4694 potuerunt,
1182 4612 1333 4676 cuiusvis
1362 4612 1500 4675 lahorem
1531 4612 1673 4692 quamvis
1702 4611 1859 4676 intentum
1887 4613 2035 4695 pleraque

147 4721 267 4790 fallent.
306 4721 368 4785 Sed
390 4724 512 4804 partem
535 4722 671 4803 aliquam
694 4721 794 4804 open's
816 4740 917 4802 neque
933 4721 1093 4784 Belrherus
1115 4740 1217 4802 neque
1233 4721 1349 4786 Hosius
1373 4721 1498 4786 omnino
1521 4722 1631 4803 attigit
1667 4721 1808 4786 Fuerunt
1829 4722 1861 4786 in
1876 4723 2033 4806 Euripidei

147 4832 260 4896 codicis
282 4851 344 4896 uno
367 4851 489 4914 quoque
510 4831 582 4897 folio
603 4851 665 4896 non
689 4832 777 4896 binae
799 4831 938 4915 paginae,
969 4831 1024 4895 sed
1047 4834 1224 4913 quaternae,
1253 4832 1272 4895 i.
1295 4851 1320 4898 e.
1343 4832 1433 4896 binae
1464 4831 1496 4894 in
1518 4835 1609 4909 recto,
1632 4832 1763 4896 totidem
1792 4833 1823 4896 in
1846 4853 1951 4898 verso:
1982 4835 2035 4914 qui

148 4961 216 5006 mos
237 4942 391 5006 scribendi
426 4943 521 5006 etiam
549 4943 581 5006 in
609 4941 762 5024 pedestris
791 4941 936 5006 0111101110
966 4941 1052 5005 libris
1078 4941 1187 5005 multis
1215 4943 1405 5018 observatur,
1432 4942 1520 5005 velut
1547 4942 1580 5006 iu
1607 4942 1687 5008 Novi
1709 4943 1903 5007 Testamenti
1931 4943 2034 5008 codice

151 5051 305 5118 Sinaitico.
342 5053 519 5118 Recidendo
543 5055 743 5117 autemeam
765 5054 803 5116 ab
825 5051 966 5117 inferiore
989 5053 1075 5135 parte
1098 5052 1242 5133 quaterni
1262 5051 1326 5116 fere
1349 5071 1458 5116 versus
1480 5052 1641 5134 perierunt
1661 5055 1732 5116 tum
1754 5053 1881 5117 alterius
1903 5055 2035 5136 paginae

149 5164 180 5222 et
202 5163 278 5224 recti
299 5167 331 5226 et
352 5165 431 5227 versi
453 5163 517 5229 folii
537 5164 637 5228 1111101
658 5181 744 5246 parer
775 5163 891 5227 mansit
916 5164 1023 5226 tamen
1044 5163 1156 5226 harum
1186 5182 1309 5244 quoque
1338 5164 1523 5247 paginarum
1552 5165 1583 5226 in
1614 5166 1745 5247 utroque
1772 5163 1843 5229 lolio
1874 5167 2035 5247 particula,

149 5272 186 5333 ut
207 5269 316 5352 exigua
336 5273 381 5336 ita
401 5293 463 5337 non
488 5293 615 5357 prorsus
644 5273 826 5358 spernenda.
873 5273 955 5337 Sunt
983 5273 1083 5337 exitus
1105 5292 1252 5338 versuum
1281 5275 1439 5357 initiaque,
1467 5293 1547 5356 quae
1577 5277 1719 5357 quamvis
1748 5275 1875 5358 liquoris
1907 5275 2033 5340 benefici

300 5439 320 5502 ¹)
338 5438 377 5492 De
389 5441 465 5493 rectis
477 5441 551 5494 lineis
563 5443 602 5496 vel
614 5441 682 5496 binis
693 5441 733 5496 vel
745 5441 834 5508 ternis,
853 5457 918 5510 quae
930 5440 956 5494 in
968 5457 1070 5510 quaque
1081 5441 1177 5512 pagina
1188 5441 1387 5511 conspiciuntur,
1406 5441 1500 5496 dubias
1513 5443 1612 5510 haereo,
1631 5445 1690 5497 nter
1701 5442 1823 5497 librarius
1836 5459 1881 5497 eas
1893 5443 2033 5499 induxerit.

301 5525 321 5590 ²)
340 5519 457 5591 Epistola
475 5523 506 5576 de
523 5523 655 5594 Euripidis
672 5525 843 5592 Phaethonte,
861 5541 908 5580 ser.
927 5524 1053 5579 Sebaldue
1070 5525 1129 5581 Jan.
1147 5525 1220 5580 Ever.
1238 5525 1305 5580 Bao.
1324 5526 1406 5596 lugd.
1427 5526 1486 5582 Bat.
1506 5532 1581 5583 1882.

1829 5636 1840 5684 l
