4946 6528
1400 813 1439 875 18

632 1018 789 1085 Plutarch.
812 1018 922 1086 Moral.
954 1018 1015 1080 416
1043 1018 1117 1082 Da:
1140 1017 1159 1105 ή
1184 1019 1219 1084 δὲ
1241 1016 1334 1103 φόσις
1356 1018 1520 1106 αἰσθητός
1544 1020 1674 1102 εἰκόνας
1695 1023 1830 1110 λξέθηκε
1862 1032 1917 1088 καὶ
1955 1017 2150 1109 όμοιότητας
2185 1017 2355 1109 δρωμένας,

482 1134 571 1198 θεῶν
591 1136 653 1213 μὲν
674 1126 765 1215 ἥλιον
787 1139 842 1194 καὶ
864 1125 978 1217 ἄστρα,
1003 1133 1138 1216 θνητῶν
1168 1128 1204 1195 δέ
1232 1129 1310 1195 σέλα
1331 1137 1387 1194 καλ
1415 1123 1558 1214 κομήτας
1588 1142 1643 1197 καὶ
1673 1130 1877 1224 διᾴττοντας,
1902 1129 1946 1210 οἷς
1968 1128 2151 1217 Εὐριπίδης
2176 1133 2307 1196 εἴκασεν
2326 1131 2358 1198 έν

482 1241 527 1318 οἷς
548 1243 641 1307 εἶπεν
880 1247 882 1250 ’

1036 1345 1053 1414 ό
1076 1349 1104 1414 δ’
1127 1346 1204 1436 ἄρτι
1226 1345 1364 1416 θάλλων
1385 1353 1491 1432 στόμα,
1514 1349 1664 1435 διοπετὴς
1686 1347 1777 1430 όπιος

1037 1456 1141 1545 α’στήρ
1165 1453 1306 1546 α’πέσβη,
1329 1463 1442 1542 πνεῦμ’
1466 1456 1561 1542 οἰφεῖς
1584 1460 1616 1537 ές
1638 1465 1771 1552 αἰθέρα.

634 1569 754 1634 Iterum
783 1567 872 1632 affert
900 1567 984 1632 idem
1012 1588 1043 1650 p.
1068 1566 1148 1630 1090
1172 1567 1206 1644 C,
1230 1567 1283 1631 ubi
1304 1579 1396 1654 oopus
1426 1569 1526 1630 exstat
1551 1586 1606 1650 pro
1633 1574 1736 1654 σῶμα.
1780 1569 1862 1634 Huic
1883 1569 2005 1634 subulae
2027 1569 2139 1633 tribuit
2162 1569 2246 1644 Rau,
2281 1587 2349 1632 con-

484 1699 597 1765 parans
630 1678 728 1744 Ovidii
759 1678 836 1742 baec
864 1678 902 1742 de
929 1677 1122 1742 Phaethonte
1150 1677 1231 1740 dicta
1266 1675 1406 1760 (Melam.
1438 1676 1480 1753 11,
1504 1676 1566 1740 320
1588 1679 1687 1759 sqq.):
1720 1678 1858 1742 volvitur
1886 1680 1919 1742 in
1934 1689 2097 1761 praeceps,
2127 1679 2287 1763 longoque
2302 1691 2349 1760 pu

481 1799 561 1857 ae'ra
583 1799 684 1854 tractu
697 1791 820 1870 fertur,
843 1797 879 1852 ut
898 1787 1058 1851 interdum
1079 1787 1118 1850 de
1139 1787 1223 1850 caelo
1244 1787 1336 1850 stella
1357 1808 1466 1850 sereno
1487 1789 1548 1850 etsi
1566 1809 1626 1852 nau
1647 1789 1764 1860 cecidet,
1783 1789 1885 1870 potuit
1905 1789 2051 1852 cecidisse
2066 1789 2185 1852 uideri.
2235 1788 2353 1870 Saepius

481 1900 668 1968 Plutarchus
690 1899 748 1964 hac
769 1899 836 1982 ipsa
857 1897 962 1962 fabula
984 1897 1092 1963 utitur.

633 2009 774 2076 aliarum
795 2009 933 2092 partium
954 2009 1013 2072 bne
1036 2009 1109 2071 sunt
1130 2007 1294 2088 reliquiae:

633 2119 717 2184 Plui.
738 2119 816 2184 Mor.
837 2139 868 2201 p.
892 2117 1049 2182 ababli:
1080 2115 1165 2186 ἀλλὰ
1188 2118 1279 2184 δέδια
1310 2114 1415 2185 πόλιν
1435 2117 1477 2204 μή
1492 2115 1738 2202 συνεκβάλωμεν
1759 2122 1805 2208 τῷ
1827 2121 1985 2186 λυπουντι
2008 2145 2068 2201 την
2089 2143 2234 2206 μνήμην,
2252 2115 2354 2200 ὥσπερ

484 2231 502 2320 ἦ
527 2235 674 2316 Κλυμένη
694 2233 833 2312 λέγουσα
855 2229 1010 2312 aroald
1038 2225 1282 2310 εόοῖγκαλον
1310 2227 1424 2304 τόξον
1452 2241 1672 2316 κρανείας,
1700 2227 1918 2310 γυμνάσιά
1947 2235 1974 2294 τ’
1999 2233 2173 2316 οἴχοιτο,
2209 2227 2263 2296 αέῐ
2291 2226 2354 2312 φεύ-

483 2364 584 2425 γουσα
599 2352 654 2406 καῖ
676 2351 835 2429 τρέμουσα
857 2335 917 2425 τήν
938 2337 1120 2424 ὑπόμνησιν
1142 2343 1201 2407 τοῦ
1222 2335 1349 2416 παιδός.
1383 2335 1504 2399 Scilicet
1525 2335 1601 2399 haec
1622 2336 1675 2398 filii
1690 2336 1872 2400 memoriam
1894 2339 2036 2403 acerbam
2052 2343 2237 2404 revocatura
2265 2347 2355 2401 erant-

487 2450 579 2515 matri
602 2449 682 2533 (Rau
704 2469 733 2531 p.
756 2447 818 2532 42).
863 2449 977 2513 Primis
1000 2447 1161 2530 questibus
1178 2447 1342 2529 Clymenes
1365 2446 1491 2510 attribui
1513 2449 1643 2529 possunt
1665 2451 1706 2524 (v.
1729 2447 1821 2510 eund.
1845 2447 1922 2532 ibd.)
1958 2447 2115 2513 Versuum
2130 2449 2254 2512 incerta
2274 2447 2357 2509 resti·

488 2559 584 2624 tutio:
607 2558 827 2623 Boissonadius
848 2565 953 2643 στυγῶ
974 2579 1029 2642 pro
1050 2557 1133 2642 μισῶ
1160 2557 1282 2639 scripsit
1310 2559 1341 2620 et
1370 2557 1402 2619 in
1423 2556 1484 2620 fine
1506 2585 1560 2642 μοι
1587 2555 1720 2630 rddidit:
1743 2555 1852 2621 Nauck
1882 2564 1964 2643 μισῶ
1986 2561 2021 2626 δὲ
2045 2608 2051 2622 .
2078 2557 2253 2642 .οἷχκόλον
2275 2557 2362 2634 τόξον

485 2699 544 2758 κρ,
568 2698 595 2754 χ.
618 2671 646 2737 d’
670 2676 834 2755 οἰχοίατο
860 2669 928 2750 (boc
948 2686 1007 2732 sea
1031 2667 1256 2750 Duebnsrum).
1301 2665 1363 2731 Sed
1384 2665 1537 2749 pluralem
1558 2685 1723 2730 numerum
1746 2667 1828 2750 apud
1850 2667 2028 2751 Euripidem
2050 2669 2099 2732 u'x
2121 2669 2251 2743 toleres,
2267 2684 2359 2745 neque

466 2777 468 2782 ⁵
486 2781 519 2848 in
540 2777 724 2864 εόᾶγκαλον
745 2777 874 2844 offenda.

639 2889 722 2953 Plus.
746 2889 823 2955 Mor.
846 2909 875 2972 p.
899 2888 962 2951 465
984 2892 1027 2952 A:
1050 2890 1085 2955 τό
1108 2889 1169 2958 τοῦ
1190 2888 1341 2981 τραγικοῦ
1362 2895 1515 2976 Μέροπος
1545 2883 1584 2954 oi
1606 2896 1782 2966 πέπονθας
1804 2887 1870 2956 οὐδ’
1899 2887 1942 2968 τός
1974 2891 2097 2957 ἐκεῖνον
2123 2885 2359 2972 εὖδαιμονίζυν

487 3001 504 3070 o‘
527 2999 622 3087 ὄχλος
643 3002 799 3088 ἐξέπληξε
820 3005 887 3069 τοῖν
907 3004 1046 3084 φυσικῶν
1069 2998 1205 3066 παθόν.
1250 2997 1438 3062 Trimetrnm
1460 2996 1613 3078 tragicum
1635 2996 1756 3060 refinxit
1778 2997 1915 3062 Meinelre
1944 2997 2063 3081 (Exere.
2086 3000 2119 3062 in
2140 2999 2260 3063 Athen.
2284 3013 2356 3078 spos.

488 3113 505 3176 1
528 3132 558 3195 p.
576 3111 617 3174 38
630 3139 673 3166 =
687 3109 778 3175 Anal.
800 3107 866 3174 crit.
895 3107 935 3172 ad
957 3108 1028 3172 Alb.
1052 3129 1082 3192 p.
1107 3105 1200 3190 233);
1231 3104 1463 3192 εὐδαιμονίζω
1484 3105 1575 3191 όχλος
1596 3107 1756 3195 ἐξέπληξε
1774 3137 1833 3193 μα·
1855 3107 1938 3172 idem
1960 3107 2040 3172 hanc
2062 3107 2206 3172 fabulam
2231 3103 2356 3187 agnouit.

638 3219 721 3283 Plut.
744 3219 822 3284 Mor.
846 3239 874 3302 p.
899 3219 961 3280 665
983 3217 1023 3284 C:

1427 3333 1517 3411 φίλος
1541 3329 1579 3395 δέ
1597 3356 1650 3412 μοι

1097 3435 1232 3518 ἄλουτος
1255 3439 1292 3505 έν
1313 3436 1456 3526 φόραχξι
1477 3436 1614 3526 σήπεται
1636 3448 1737 3514 νέκυς.

641 3549 688 3614 Ds
721 3548 778 3612 hoc
809 3545 983 3630 fragmento
1004 3547 1068 3612 iam
1097 3566 1191 3630 supra
1223 3545 1264 3632 (p.
1288 3549 1317 3631 9)
1353 3547 1494 3612 diximus.
1532 3543 1686 3626 Ἀλουτος
1709 3545 1903 3627 Musgravius
1924 3567 1979 3630 pro
2002 3546 2073 3615 ἄλλ’
2098 3537 2193 3639 οὗτος
2217 3545 2358 3608 librorum

490 3659 579 3724 restit
601 3660 632 3723 't
1095 3693 1099 3700 ι

1005 3768 1155 3834 Athenae.
1177 3767 1231 3844 XI,
1255 3769 1315 3831 503
1338 3767 1366 3831 D
1389 3767 1427 3832 de
1448 3787 1520 3832 roca
1544 3767 1719 3857 ψυκτήριον
1742 3784 1851 3848 agens:

1446 3877 1611 3970 ψυκτήρια

1088 3989 1225 4078 δένδρεα
1247 3993 1390 4074 φίλαισιν
1411 3987 1558 4057 εόλέναισι
1581 3989 1718 4068 δέξεται.

643 4106 680 4172 V.
704 4108 722 4168 2
746 4109 886 4192 φίλοισιν
907 4105 991 4169 codd
1013 4107 1041 4170 Α
1062 4105 1098 4182 Β,
1120 4111 1248 4185 λέξεται
1269 4127 1375 4172 omnes
1400 4105 1472 4188 (em.
1488 4105 1641 4178 casaub).
1678 4108 1827 4198 Δέυόρου
1849 4105 1885 4170 ci.
1901 4106 2070 4181 Dobraeus,
2098 4107 2129 4168 et
2154 4106 2264 4169 ceteris
2292 4101 2358 4167 locis

494 4236 571 4301 quos
592 4216 704 4282 Athen.
727 4214 817 4280 affert
840 4214 1015 4308 ψυκτήριον
1043 4234 1098 4298 pro
1125 4216 1316 4280 substantivo
1338 4217 1394 4280 est
1439 4215 1499 4280 Sed
1528 4219 1673 4301 φίλαισιν
1700 4215 1874 4284 alausas
1895 4215 1993 4280 muso
2023 4216 2134 4279 melius
2162 4215 2201 4278 ad
2232 4216 2359 4302 δένδρεα

493 4326 625 4392 rotamur
647 4344 742 4408 quam
764 4325 803 4390 ad
826 4325 1002 4417 ψυκτήρια.
1045 4324 1094 4388 Ad
1116 4325 1234 4390 exitum
1255 4325 1377 4390 iabulm
1398 4328 1468 4408 post
1488 4327 1696 4390 Matthiaeum
1717 4326 1837 4390 rettulit
1851 4326 1938 4389 Rau:
1962 4327 2069 4390 cantra
2083 4325 2224 4390 llleinelre
2247 4325 2360 4408 (Exere.

494 4439 526 4502 in
547 4436 662 4504 Athen.
685 4456 764 4520 spec.
798 4435 867 4519 lp.
891 4435 945 4518 37)
973 4453 1009 4499 ex
1038 4435 1118 4500 Solis
1150 4436 1286 4502 eradens
1314 4437 1479 4520 desumpta
1506 4440 1610 4520 putat:
1639 4455 1713 4500 nam
1743 4435 1887 4502 Ovidium
1919 4455 2040 4528 qusque
2071 4435 2212 4518 (Metam.
2239 4433 2279 4498 Π.
2311 4429 2360 4506 ed)

494 4547 588 4614 deum
618 4545 717 4612 lacere
744 4547 821 4612 haec
848 4547 1119 4629 praemonentem:
1146 4547 1291 4626 forsitan
1320 4558 1352 4610 et
1374 4547 1457 4610 lucos
1482 4548 1546 4611 illio
1572 4547 1723 4630 urbesque
1750 4547 1881 4611 deorum
1907 4548 2061 4628 concipias
2089 4547 2198 4609 animo
2227 4567 2253 4608 e.
2281 4565 2308 4626 q.
2338 4560 2360 4601 s·

494 4657 605 4740 Itaque
627 4655 674 4727 oi
702 4657 866 4746 ψυκτήρια
889 4661 953 4726 uel.
978 4655 1060 4738 apud
1074 4657 1253 4739 Euripidem
1278 4657 1372 4722 fuisse
1394 4658 1513 4722 debere.
1547 4657 1617 4722 Non
1632 4657 1730 4732 credo,
1757 4675 1857 4739 neque
1884 4658 1966 4721 enirn
1988 4657 2038 4720 bio
2059 4658 2144 4720 totus
2160 4654 2260 4720 Ovidii
2283 4654 2362 4716 loeus

495 4766 674 4850 Euripidem
696 4766 784 4849 sapit.

647 4884 789 4966 Denique
805 4885 924 4950 Plinius
934 4884 975 4950 Η
988 4885 1027 4951 N.
1040 4885 1199 4951 XXXVII.
1212 4887 1241 4963 2,
1255 4887 1311 4949 31:
1334 4887 1540 4952 Phaethontis
1551 4888 1693 4968 fulmine
1714 4888 1769 4949 icti
1784 4906 1909 4949 sorores
1924 4887 2005 4950 laetu
2025 4895 2164 4950 mutatas
2180 4887 2214 4948 in
2236 4883 2363 4948 arbores

491 4993 630 5078 populos,
662 4995 807 5060 lacrimis
827 4995 972 5059 electrum
993 4995 1137 5058 ouenilrus
1157 4998 1252 5060 annes
1269 4997 1412 5078 sundere
1432 4999 1524 5062 iuxta
1545 4997 1727 5061 Eridanum
1749 5017 1884 5072 amnem,
1911 5019 2002 5079 quern
2030 4996 2157 5059 Padum
2178 4996 2364 5062 vocavimus,

378 5164 382 5170 .
496 5107 643 5170 electrum
664 5105 868 5188 appellatum,
889 5105 1039 5187 quoniam
1060 5105 1120 5168 Sol
1135 5106 1287 5169 cordatus
1307 5108 1351 5170 stt
1369 5103 1530 5200 ήλέιιτιορ,Ι
1541 5108 1679 5190 plurimi
1696 5117 1810 5188 poetae
1829 5107 1950 5184 dixere,
1968 5107 2137 5188 priruiqae,
2161 5115 2196 5170 ut
2215 5105 2363 5169 arbitror.

498 5214 678 5296 Aeschylus,
706 5214 908 5290 Phihxenus,
939 5213 1136 5298 Euripides,
1165 5215 1316 5297 Satyrus,
1349 5215 1525 5282 Nicander.
1579 5218 1665 5281 Haec
1693 5217 1853 5282 commode
1881 5236 1953 5280 cum
1981 5215 2111 5280 Luzacio
2142 5215 2180 5280 ad
2208 5213 2363 5299 Hippolyt.

501 5324 561 5387 730
584 5343 653 5406 sqq.
674 5323 781 5390 referri
801 5327 947 5408 possunt:
971 5323 1109 5387 sednon
1130 5323 1207 5388 item
1229 5343 1307 5406 quae
1329 5326 1433 5408 paullo
1453 5329 1524 5410 post
1544 5328 1662 5393 Plinius
1684 5327 1782 5391 addit:
1816 5347 1892 5390 uam
1913 5325 1999 5409 quod
2016 5327 2187 5408 Aeschylus
2208 5328 2240 5389 in
2262 5321 2364 5386 iberia

500 5468 540 5481 -
562 5433 745 5538 Eridanum
770 5455 836 5498 esse
857 5433 943 5498 dixit
960 5435 1151 5518 madeatque
1171 5435 1330 5517 appellari
1348 5436 1548 5515 Rleodanum‚
1571 5441 1742 5522 Ererioides
1762 5460 1876 5503 rursus
1896 5449 1927 5501 et
1946 5437 2128 5520 Apaturius
2149 5440 2182 5501 in
2204 5433 2365 5501 Adriatico
