4946 6528
885 1041 898 1054 '
1011 1042 1110 1108 scinde
1132 1041 1255 1121 πόλεως
1276 1043 1400 1130 βασιλῆ
1423 1041 1609 1127 vipperina,

1010 1150 1241 1238 οἷοτιρωποῖσιν
1263 1152 1391 1238 δόμοισι
1413 1167 1554 1242 χρυσίοις

895 1287 896 1292 ’
1011 1259 1121 1349 α’ρχόν,
1145 1266 1236 1348 φίλον
1257 1261 1437 1354 Ἀφροδίτη.

1011 1363 1038 1438 οῗ
1059 1369 1180 1459 μάκαρ,
1205 1365 1230 1438 ei
1251 1375 1411 1452 βασιλέως
1433 1375 1552 1457 μείζων
1573 1373 1619 1442 ἔτ’
1642 1371 1751 1454 ὄλβον,

1011 1478 1044 1560 ὃς
1067 1482 1153 1548 θεὰν
1174 1483 1346 1570 κηδεύσας,

1012 1603 1093 1773 (καὶ
1116 1589 1217 1676 μόνος
1240 1591 1426 1663 dealdune

1037 1702 1180 1788 γαμβρὸς
1203 1704 1244 1768 δι’
1267 1699 1427 1791 οἷπείρονα
1451 1721 1552 1785 γαῖαν

1010 1812 1133 1891 δνατὸς
1157 1808 1284 1913 ιῗμνηση.

602 2188 642 2241 24
661 2187 743 2248 τῆσδε
763 2201 813 2238 non
831 2187 899 2236 recta
916 2183 976 2248 Bk.;
1005 2181 1116 2237 TACAE
1141 2182 1219 2234 etiam
1237 2181 1271 2235 H.
1306 2181 1337 2234 In
1360 2182 1408 2234 line
1435 2199 1596 2250 νομηιοιιαι
1616 2183 1672 2247 Bk„
1696 2201 1847 2252 νομηιυιιιι
1869 2183 1918 2250 H¹;
1943 2203 1991 2238 uon
2015 2185 2121 2239 dubium
2143 2187 2208 2240 illud
2226 2192 2344 2241 exstare

449 2274 488 2327 vel
521 2271 656 2326 exstitisse.
699 2266 859 2340 Νομηειῖιιι
883 2267 941 2322 GH.
988 2269 1026 2324 25
1049 2267 1461 2340 ασιιρωιοιοιδομοιοιχροσιιον
1482 2267 1536 2318 eod.
1572 2267 1710 2339 (χροοιων
1733 2269 1788 2334 Bu,
1809 2285 1941 2340 χροοιιην
1970 2271 2024 2333 H.).
2068 2277 2197 2345 Χροσίων
2222 2273 2342 2328 Wilam.

450 2361 547 2424 tuetur,
574 2358 723 2409 ornamenta
749 2369 825 2407 aurea
852 2353 1014 2420 intellegam
1048 2356 1173 2422 χρυσέοις
1194 2349 1252 2403 GH.
1293 2343 1423 2418 Δόμοισιν
1441 2351 1475 2404 N.
1539 2353 1577 2406 26
1596 2355 1916 2423 αρχιονηιλοκαηροδαιι
1933 2353 1998 2421 eod,
2021 2353 2109 2428 α’ρχδν
2132 2360 2159 2409 ot
2181 2355 2342 2428 Ἀηροδιίςι

450 2442 508 2496 GH.
538 2443 574 2497 27
593 2438 1084 2511 ωιιιιικαρωνρασιλιοομιιζωνιιολβον
1106 2437 1160 2490 eod.
1179 2435 1404 2518 (μιιζιομριολβοο
1419 2436 1498 2502 Bk.);
1524 2454 1572 2491 eru.
1593 2427 1651 2492 GH.
1682 2441 1720 2494 28
1738 2432 1877 2500 κηδεύσας
1894 2438 1968 2494 GH.:
1991 2443 2133 2504 ιηδιοοειο
2149 2443 2202 2496 eod.
2223 2444 2342 2510 (epise-

450 2545 507 2580 οιισ
523 2527 579 2592 Bu,
597 2527 724 2588 audeone
740 2524 780 2577 vel
798 2531 925 2586 ιηδιοιιο
942 2523 1000 2590 Η.).
1045 2509 1079 2577 31'
1097 2539 1245 2591 ομνηοιτια
1264 2520 1328 2583 eod.¹
1348 2537 1395 2575 om.
1422 2519 1479 2574 GH.

600 2799 680 2863 Mira
714 2795 854 2878 quamuis
886 2793 1043 2875 ingeniosa
1076 2793 1192 2856 ratione
1224 2793 1281 2856 hoe
1310 2811 1435 2858 earmeu
1464 2794 1625 2878 explicavit
1650 2777 1969 2880 Wilamowitzius¹p
2003 2798 2083 2863 Cum
2109 2799 2263 2864 Hesiodus
2293 2803 2334 2865 in
2448 2856 2452 2879 ,

448 2910 641 2993 Theogoniaa
662 2929 690 2972 v.
717 2908 776 2970 986
793 2906 820 2969 ff.
843 2908 980 2969 Aurorae
994 2904 1094 2968 filium
1107 2903 1335 2968 Phaethontem
1351 2906 1456 2968 narret
1475 2904 1628 2970 aVenere
1644 2917 1768 2989 raptum
1791 2909 1823 2970 et
1844 2907 1875 2970 in
1891 2909 2005 2991 templo
2021 2908 2086 2972 eius
2109 2911 2144 2972 ut
2166 2911 2335 2994 νηοπόλον
2446 2892 2451 2901 ¹

448 3023 566 3110 μιῖχιον
587 3021 770 3085 eollooatum
793 3033 870 3092 esse,
893 3014 976 3077 huno
997 3013 1224 3077 Phaethontem
1247 3014 1389 3097 opinatur
1411 3014 1449 3078 ab
1464 3015 1609 3098 Euripide
1625 3035 1696 3079 eum
1713 3017 1792 3080 Solis
1806 3017 1868 3081 filio
1883 3018 2081 3102 commisceri,
2104 3019 2230 3102 fierique
2244 3021 2333 3104 apud

449 3132 604 3214 tragicum
618 3133 742 3214 poetam
759 3147 820 3190 non
835 3125 1014 3188 ministrum
1026 3122 1153 3188 Veneris
1176 3124 1230 3187 sed
1245 3143 1401 3208 sponsum,
1424 3125 1476 3206 qui
1492 3126 1581 3190 iustis
1595 3128 1712 3209 nuptiis
1729 3145 1798 3191 eam
1812 3128 1844 3190 in
1863 3129 2095 3194 matrimonium
2111 3131 2260 3198 ducturus
2276 3135 2329 3197 sit.

450 3244 567 3308 Verum
589 3241 666 3306 talia
688 3243 724 3304 ut
746 3237 949 3312 crederemus,
972 3236 1133 3319 oportebat
1155 3235 1268 3318 apertis
1283 3236 1383 3300 uerbis
1405 3238 1528 3318 poetam
1551 3255 1587 3300 aa
1609 3236 1781 3310 deelarare;
1804 3257 1888 3302 nune
1909 3243 2016 3304 autem
2037 3245 2161 3306 tantum
2183 3245 2270 3308 abest
2292 3247 2331 3308 ut

449 3354 653 3430 declarentur,
676 3353 713 3414 ut
734 3347 917 3413 eonieeturis
939 3347 1068 3409 demum
1088 3346 1114 3408 is
1138 3364 1246 3410 sensus
1268 3345 1444 3410 inferendus
1468 3347 1516 3410 sit.
1560 3347 1654 3411 Hune
1676 3347 1738 3412 fere
1760 3349 1792 3411 in
1815 3348 1943 3412 modum
1962 3351 2212 3418 Wilamowitzius
2234 3357 2327 3420 verba

449 3461 594 3528 eonst‘tui
618 3462 701 3526 vult:
728 3457 857 3540 πότνια,
888 3468 935 3525 eoi
962 3452 1034 3523 τάδ’
1068 3456 1131 3539 ἐμοὶ
1156 3456 1281 3541 νυμφεῗ
1304 3453 1414 3539 deidei,
1450 3457 1555 3545 Κύπρι
1576 3464 1668 3527 θεῶν
1690 3462 1860 3538 καλλίστα,
1883 3461 1928 3551 τῷ
1949 3489 1983 3528 τι
2006 3461 2134 3546 verituri
2153 3485 2203 3532 σοι
2227 3465 2324 3557 πώλῳ

454 3575 484 3654 ti.
507 3593 533 3638 e.
556 3568 766 3651 Phaethonti),
801 3568 861 3636 οόν
882 3569 919 3635 ἐν
940 3573 1050 3658 αἰθέρι
1074 3566 1220 3656 κρύπτεις
1242 3565 1350 3650 (quem
1372 3566 1484 3630 oondes
1505 3567 1539 3631 in
1562 3570 1667 3652 eaelo),
1691 3574 1755 3638 σῶν
1784 3569 1813 3644 (i.
1836 3589 1862 3635 e.
1884 3571 2027 3654 Meropis)
2053 3573 2167 3658 γάμον
2193 3586 2325 3659 γένναν,

449 3681 515 3766 οόν,
539 3673 564 3750 ὦ
585 3681 801 3767 peragranda
825 3675 946 3755 πόλεως
960 3675 1113 3756 βασιλεύς
1136 3675 1305 3760 (Meropem
1329 3671 1549 3764 alloquuntur),
1574 3680 1772 3768 verumetiam
1799 3679 1865 3761 (οόν
1886 3709 1983 3768 νυμη.
2008 3683 2075 3762 „eui
2096 3684 2216 3762 nubit“,
2238 3686 2326 3750 euius

449 3791 684 3858 oonstruotonis
706 3788 882 3870 exemplum
902 3786 1026 3850 nullum
1048 3789 1159 3863 exstat)
1191 3789 1262 3854 οἷσι.
1286 3787 1415 3872 δόμοισι
1438 3802 1578 3880 χρυσέων
1607 3789 1874 3890 (ornamentorum
1896 3791 2076 3876 aureorum)
2102 3791 2204 3885 α’ρχόκ
2231 3801 2326 3882 pelo„

451 3901 633 3988 Ἀφροδίτα.
656 3893 684 3968 oi
705 3897 858 3987 μακάρων
878 3897 1031 3976 βασιλεῦς
1052 3900 1171 3982 μείζων
1193 3895 1246 3980 („o
1267 3915 1321 3961 rex
1342 3898 1440 3962 maior
1462 3917 1556 3979 quam
1578 3899 1807 3974 immortales“;
1830 3901 1945 3965 iterum
1965 3901 2125 3986 Meropem
2140 3904 2256 3988 dieunt)
2278 3907 2323 3972 δι’

449 4013 548 4094 ὄλβον
569 4018 634 4080 xrs.
678 4011 749 4093 Ipse
773 4008 858 4072 addit
879 4007 1138 4084 ll'ilamouitzins,
1171 4007 1220 4070 rix
1242 4027 1274 4072 se
1297 4008 1419 4072 eredere
1441 4012 1565 4091 poetam
1587 4010 1631 4073 ita
1653 4011 1826 4093 scripsisse;
1857 4031 1983 4076 sensum
2012 4015 2136 4077 tentum
2167 4017 2323 4098 praestare

448 4123 524 4198 vult
546 4142 608 4186 non
630 4121 732 4185 verba.
766 4117 840 4188 ,Sed
862 4119 897 4179 ut
918 4117 1137 4181 violentissime
1159 4121 1303 4199 torqueas
1327 4137 1363 4182 ea
1385 4137 1463 4201 quae
1486 4119 1599 4183 tradita
1620 4121 1778 4196 habemus
1801 4140 1862 4184 non
1886 4125 2061 4203 sequuntur
2082 4126 2175 4189 rerba
2196 4126 2228 4189 iu
2251 4145 2323 4190 eum

449 4253 576 4298 sensum
598 4233 657 4296 nisi
685 4229 853 4312 aegerrime
876 4231 908 4292 et
929 4229 964 4290 ut
985 4227 1088 4291 invitis
1110 4229 1153 4292 eis
1183 4228 1245 4291 uim
1267 4229 1371 4292 inferri
1398 4230 1489 4312 plane
1518 4249 1635 4294 sernas.
1687 4231 1783 4294 Nobis
1813 4233 1919 4294 eontra
1951 4231 2058 4296 Venus
2091 4235 2167 4298 nihil
2198 4240 2246 4300 est
2267 4237 2324 4301 nisi

449 4343 597 4427 pronuba,
621 4341 746 4406 domina
768 4357 917 4414 amorum,
940 4337 1109 4418 virginibus
1131 4339 1255 4421 nuptias
1278 4339 1443 4404 eoneilians
1465 4337 1503 4424 (r.
1528 4341 1597 4422 57);
1622 4359 1717 4421 quare
1732 4341 1841 4404 merito
1856 4342 1985 4423 nuptiali
2001 4345 2136 4410 earmina
2152 4348 2325 4414 celebratur

449 4473 512 4518 nna
534 4473 606 4518 oum
627 4452 689 4516 filio
711 4453 834 4514 Amore.
881 4449 1035 4528 „Magnus
1058 4449 1163 4512 autem
1193 4449 1277 4512 urhis
1307 4454 1379 4514 rex“
1407 4449 1568 4512 Phaethon
1597 4451 1679 4512 reete
1706 4450 1907 4532 praedicatur,
1939 4473 2010 4517 oum
2042 4454 2082 4518 eit
2107 4456 2216 4520 unicus
2244 4458 2325 4539 regis

449 4564 530 4628 filius
550 4567 642 4645 atque
664 4562 762 4636 heres,
788 4563 819 4624 et
841 4555 1016 4649 α’σιερωποὶ
1041 4559 1178 4644 δώματα
1202 4559 1240 4623 de
1254 4559 1389 4642 Meropis
1410 4559 1496 4640 regia
1517 4579 1579 4622 uon
1601 4560 1689 4624 video
1711 4560 1819 4642 quidni
1840 4561 1898 4626 diei
1920 4564 2023 4645 possit
2047 4585 2118 4629 aum
2140 4566 2177 4630 de
2192 4567 2324 4632 Menelai

448 4675 576 4740 aedibus
591 4674 668 4737 haee
683 4671 839 4755 praeditet
853 4669 1026 4734 Homerus:
1049 4667 1130 4738 ὥστε
1143 4669 1206 4761 γάρ
1221 4669 1328 4759 ηέλίοο
1344 4674 1439 4760 αἴγλη
1457 4675 1555 4740 retiae
1571 4669 1606 4758 ηἰὲ
1622 4668 1754 4760 σελήνης
1771 4673 1864 4757 δῶμα
1879 4681 1960 4740 καθ’
1977 4673 2137 4767 ὑψερεφὲς
2150 4676 2324 4746 Μενελάου

449 4786 641 4868 κυδαλίμοιο
665 4781 734 4865 (Οδ.
757 4785 777 4848 δ
799 4778 860 4862 45).
899 4779 1040 4861 Denique
1063 4781 1152 4848 δεδν
1167 4781 1310 4868 κηδεύειν
1331 4801 1394 4845 non
1408 4783 1509 4864 potest
1528 4799 1596 4845 esse
1611 4781 1670 4845 nisi
1688 4781 1739 4858 „in
1756 4781 1989 4848 matrimonium
2004 4784 2153 4850 ducere“:
2178 4787 2325 4867 „affinem

449 4894 533 4959 lieri“
558 4896 607 4958 est
635 4893 780 4981 κηδεύειν
812 4905 885 4960 τινί.
929 4890 1025 4954 Reate
1048 4894 1154 4954 autem
1176 4891 1279 4955 omnia
1301 4911 1334 4956 se
1357 4891 1524 4975 exeipiunt:
1547 4890 1639 4955 modo
1660 4890 1823 4955 Phaithon
1845 4905 1947 4977 μέγας
1969 4895 2124 4974 βασιλεύς
2146 4897 2323 4961 nominatus

448 5007 535 5076 erat;
565 5003 628 5066 iam
650 5003 708 5066 hoo
729 4998 885 5082 βασιλεύς
906 5020 968 5064 non
990 5001 1103 5065 suffieit
1125 5002 1226 5082 ehoro,
1252 5002 1304 5066 sed
1327 5019 1424 5086 supra
1451 5001 1553 5083 regale
1583 5000 1741 5090 fastigium
1771 5003 1877 5066 atatim
1906 5021 2055 5088 sponsum
2085 5006 2210 5074 extollit.
2261 5009 2324 5072 Sed

449 5115 526 5178 haee
547 5113 714 5184 haetenus;
737 5129 793 5174 nos
816 5109 920 5174 ordine
942 5112 1047 5174 nostro
1069 5111 1280 5193 procedamus

603 5487 622 5554 ¹)
638 5483 752 5539 Praeivit
769 5481 955 5553 quodammodo
973 5481 1031 5536 Rau
1049 5499 1073 5553 p.
1091 5489 1124 5538 65
1141 5499 1179 5552 sq.
