4946 6528
342 1060 402 1121 150
468 1064 519 1138 εξο
533 1106 539 1120 ·
552 1059 604 1124 δ”α

470 1164 553 1237 ἵταν
572 1195 609 1272 ys

1437 1056 1494 1126 οὐκ
1516 1057 1561 1126 ἄν

1434 1147 1514 1258 sipon
1534 1165 1680 1272 βᾶίροςὲ

472 1406 585 1473 γαμεῖς

342 1499 402 1560 155
467 1499 620 1601 nostele)

287 1649 431 1716 Proxima
462 1650 526 1714 iam
557 1648 675 1730 ingenti
702 1649 814 1712 lacuna
842 1648 956 1712 hausta
983 1650 1065 1714 sunt.
1116 1648 1212 1714 Cuius
1242 1649 1394 1712 ambitum
1424 1650 1467 1713 sie
1493 1648 1623 1713 fumasse
1650 1649 1812 1712 aestimare
1834 1649 2013 1732 poterimus.

135 1759 208 1824 Veri
230 1761 330 1825 simile
352 1765 408 1839 est,
431 1760 503 1826 folia
524 1760 585 1825 duo
608 1777 687 1842 quae
709 1762 852 1824 tenemus
873 1759 1017 1842 primitus
1039 1759 1210 1823 cohaesisse
1232 1761 1264 1822 et
1284 1778 1380 1822 unam
1403 1760 1561 1842 plagulam
1583 1759 1757 1836 coniecisse,
1789 1778 1867 1840 qrrae
1889 1761 2038 1824 cumin·

135 1873 213 1936 duas
234 1875 347 1954 partes,
379 1874 416 1935 ut
437 1871 481 1947 fit,
515 1870 634 1954 dilapsa
654 1872 750 1946 esset,
781 1869 837 1933 has
860 1868 1002 1934 librarius
1025 1867 1256 1934 claromontani
1278 1887 1294 1933 e
1317 1869 1418 1933 codice
1440 1869 1603 1952 Euripideo
1626 1869 1710 1934 nullo
1732 1869 1853 1950 negotio
1876 1871 2014 1934 abstulit.

134 1982 237 2046 Media
264 1984 369 2045 autem
391 1980 601 2063 quaternionis
623 1979 699 2044 haec
720 1979 847 2062 plagula
867 1979 961 2044 fuisse
983 1999 1044 2043 non
1067 1982 1181 2062 potest,
1204 1978 1257 2042 aed
1279 1982 1381 2061 potest
1402 1980 1540 2062 proxima
1562 1997 1580 2043 a
1602 1979 1710 2056 medic,
1741 1981 1789 2044 rel
1810 1981 1902 2044 tertia
1924 2000 2016 2063 quar-

133 2095 212 2156 tave.
256 2091 384 2156 Inerant
412 2091 446 2155 in
474 2089 602 2171 singulis
624 2089 755 2172 plagulis
777 2107 884 2152 versus
907 2089 978 2154 328.
1023 2088 1191 2153 Videamus
1212 2089 1314 2170 igitur,
1337 2093 1490 2171 quantum
1503 2089 1626 2154 fabulae
1640 2090 1720 2154 inter
1735 2089 1795 2154 dno
1815 2091 1888 2154 folia
1909 2094 2017 2155 nostra

136 2201 335 2266 desideretur.
379 2201 562 2266 Rectissime
584 2203 654 2284 post
676 2199 844 2265 Goethium
866 2199 1117 2264 Wilamouitzius
1138 2201 1272 2274 monuit.
1303 2201 1365 2282 geri
1388 2201 1521 2284 primam
1543 2199 1665 2264 fabulae
1687 2203 1809 2283 partem
1831 2202 1914 2266 brevi
1935 2205 2015 2266 tem·

135 2330 208 2394 pore
232 2312 313 2394 quod
336 2313 416 2376 inter
437 2329 581 2377 auroram
603 2311 635 2374 et
656 2312 760 2374 ortum
783 2309 854 2373 solis
876 2309 1071 2374 interiectum
1095 2313 1160 2374 est:
1184 2310 1322 2374 nondum
1338 2310 1390 2374 Sol
1410 2329 1535 2374 currum
1558 2311 1743 2388 conscendit,
1766 2329 1837 2375 cum
1860 2311 1899 2375 ad
1922 2312 2015 2376 deum

137 2421 202 2485 adit
221 2421 393 2490 Phaethon.
436 2423 547 2504 Itaque
573 2442 634 2486 nun
664 2423 712 2485 est
738 2419 929 2504 putandum,
962 2422 1032 2502 post
1052 2420 1185 2503 Meropis
1215 2422 1384 2486 orationem
1411 2421 1641 2486 altercationem
1664 2423 1802 2503 aliquam
1824 2423 1905 2487 inter
1925 2423 2014 2486 illum

139 2533 301 2614 liliumque
330 2531 382 2596 diu
404 2537 591 2616 protractam
614 2531 724 2610 mese,
757 2549 792 2596 eo
820 2531 924 2594 minus
952 2529 1033 2611 quod
1054 2531 1087 2595 in
1110 2531 1205 2596 altero
1226 2530 1399 2612 fragmento
1422 2531 1652 2596 claromontani
1676 2535 1760 2596 reeta
1782 2533 1831 2595 via
1853 2533 1956 2597 omnia
1978 2533 2015 2597 de

135 2643 251 2726 nuptiis
273 2644 436 2726 procedere
458 2644 607 2709 videmus,
651 2645 753 2723 Atque
776 2661 848 2706 oum
871 2641 1075 2706 constitutum
1097 2642 1224 2705 haberet
1244 2641 1404 2707 Phaethon
1428 2641 1498 2705 inde
1521 2661 1539 2706 a
1561 2643 1699 2725 prologo,
1736 2642 1838 2707 Solem
1861 2643 1952 2720 adire,
1985 2647 2017 2707 et

133 2754 160 2816 si
182 2754 381 2836 comperisset
402 2773 511 2817 vorum
532 2753 621 2816 illum
643 2756 764 2835 patrem
788 2769 866 2828 esse,
890 2750 1065 2838 divinarum
1087 2751 1267 2834 nuptiarum
1286 2750 1444 2816 fortunam
1466 2752 1528 2816 alto
1551 2753 1653 2817 animo
1675 2771 1842 2835 capessere,
1863 2773 1927 2818 non
1949 2757 2017 2818 erat

133 2864 215 2945 (qnod
239 2864 292 2928 diu
315 2865 395 2947 patri
418 2863 531 2928 credito
553 2864 779 2944 obloqueretur.
823 2860 881 2924 Illo
904 2878 978 2925 sane
1001 2861 1048 2925 die
1070 2863 1194 2944 nuptias
1216 2861 1354 2926 facturus
1377 2882 1439 2926 non
1461 2867 1525 2936 est;
1547 2881 1621 2926 narn
1643 2867 1743 2926 rector
1765 2881 1873 2926 currus
1895 2865 2016 2947 paterni

131 2995 187 3058 per
208 2977 309 3039 totum
332 2976 414 3040 diem
436 2975 542 3040 aberit.
587 2973 705 3038 Verum
739 2972 913 3036 tribuamus
945 2971 1017 3036 huic
1045 2973 1179 3055 episodio
1207 2975 1330 3056 praeter
1355 2993 1406 3040 eos
1430 2993 1561 3054 qnorum
1584 2974 1732 3055 reliquiae
1757 2977 1879 3039 exstant
1900 2975 2015 3038 LXXX

131 3107 255 3165 versus,
290 3090 321 3151 et
347 3077 431 3150 LXX
462 3085 589 3149 stasimo
619 3085 701 3149 chori
725 3083 806 3167 quod
829 3084 1031 3164 sequebatur;
1064 3083 1133 3148 dein
1156 3085 1258 3149 omnia
1280 3084 1393 3167 raptim
1423 3083 1519 3160 iacta,
1549 3088 1580 3147 et
1608 3085 1716 3166 auriga
1744 3085 1906 3167 imperitus
1935 3085 2016 3150 Iovis

80 3191 83 3198 ⁴
132 3197 260 3261 fulmine
283 3197 389 3260 statim
411 3196 547 3260 deiectus
570 3199 637 3268 est;
670 3214 743 3258 nam
773 3197 828 3259 aut
854 3195 886 3258 in
915 3194 1119 3277 propinquam
1141 3195 1298 3275 regionem
1321 3196 1428 3258 autin
1452 3213 1596 3260 scaenam
1619 3196 1719 3278 ipsum
1743 3215 1853 3279 corpus
1876 3197 2015 3262 exanime

130 3308 250 3380 decidit,
272 3306 353 3388 quod
375 3325 468 3389 penes
490 3311 623 3370 matrem
645 3325 711 3370 esse
733 3306 763 3369 in
788 3305 883 3368 altero
905 3304 1081 3387 fragmento
1102 3305 1251 3368 videmus.
1296 3305 1377 3386 Ergo
1406 3305 1543 3388 proximo
1569 3305 1702 3388 episodio
1730 3310 1762 3369 et
1783 3307 1901 3370 tonitru
1924 3326 2015 3372 enau-

134 3417 238 3481 ‹iitum
260 3419 360 3482 estet
382 3417 575 3497 cognituros
597 3435 616 3481 a
638 3415 787 3498 Clymene
810 3415 970 3496 choroque.
1013 3416 1076 3478 Eae
1098 3413 1131 3477 in
1153 3414 1248 3479 altero
1270 3413 1443 3495 fragmento
1466 3433 1575 3497 corpus
1597 3419 1719 3497 praesto
1740 3415 1864 3492 hahent,
1886 3417 2015 3482 fulmine

130 3529 227 3592 ictum
258 3527 374 3602 sciunt,
409 3527 511 3592 Solem
534 3527 683 3609 Clymene
711 3526 868 3608 culpatur,
902 3525 1013 3590 chorus
1040 3525 1259 3588 commercium
1289 3524 1517 3588 clandestinum
1547 3544 1619 3588 oum
1650 3527 1720 3591 Sole
1750 3526 2015 3609 Phaethontisque

131 3657 237 3703 veram
270 3637 418 3718 originem
449 3637 574 3718 cognita
604 3636 706 3701 habet.
752 3635 869 3699 Verum
902 3654 1011 3699 currus
1041 3635 1226 3717 aurigaeque
1254 3634 1383 3699 infelicis
1412 3635 1536 3700 omnino
1565 3637 1652 3700 nulla
1678 3636 1714 3700 fit
1735 3638 1859 3702 mentio.
1903 3638 2014 3720 Itaque

136 3769 224 3812 secus
247 3767 282 3812 ac
303 3747 554 3811 Wilamouitzius
578 3766 648 3810 cum
671 3745 831 3810 Welckero
854 3746 1025 3822 statuerim,
1047 3742 1219 3832 ἀγγελικὴν
1240 3751 1331 3835 ῥῆσιν
1353 3749 1385 3810 et
1407 3747 1638 3829 explicationem
1659 3748 1754 3812 totius
1777 3748 1820 3812 rei
1842 3753 1912 3830 post
1934 3748 2015 3830 frug·

131 3863 274 3922 mentum
297 3859 429 3922 alterum
452 3859 589 3922 secutam
611 3875 687 3920 esse.
733 3855 883 3937 Clymene
906 3856 1008 3920 dolore
1030 3856 1171 3937 perculsa
1193 3857 1284 3920 choro
1305 3860 1459 3938 quantum
1482 3857 1549 3940 ipsa
1569 3859 1685 3922 sciebat
1706 3862 1889 3941 aperuerat;
1913 3865 2015 3923 cetera

128 3969 229 4032 adhuc
258 3970 412 4045 latebant,
445 3971 539 4050 atque
569 3988 604 4033 eo
632 3967 845 4031 vehementius
871 3970 972 4031 mater
994 3967 1050 4032 deo
1072 3967 1221 4032 irascitur.
1265 3967 1303 4030 In
1325 3967 1381 4030 has
1405 3971 1508 4032 autem
1530 3987 1579 4032 res
1604 3968 1715 4034 CLXX
1737 3989 1844 4034 versus
1874 3971 2014 4035 sufficere

130 4085 214 4162 puto,
239 4099 340 4163 neque
363 4080 496 4163 amplius
519 4098 582 4142 nna
603 4078 729 4162 plagula
750 4077 831 4141 inter
853 4077 914 4143 duo
936 4079 1111 4160 fragmenta
1132 4077 1248 4142 deesse.
1630 4153 1632 4160 y

283 4192 340 4254 Est
369 4209 454 4254 sane·
475 4209 556 4254 unus
578 4190 664 4256 locus
686 4189 824 4264 fabulae,
855 4190 907 4270 qui
929 4193 1037 4254 contra
1058 4190 1141 4253 hunc
1162 4207 1266 4252 rerum
1288 4189 1427 4252 ordinem
1448 4207 1585 4272 pugnare
1608 4189 1736 4254 ridetur.
1781 4190 1909 4272 Legitur
1931 4193 2013 4275 apud

131 4300 335 4364 Plutarchum
358 4301 446 4384 (Mor.
469 4321 499 4384 p.
523 4301 584 4362 665
597 4300 654 4376 C):
688 4304 804 4368 πολλοὶ
829 4303 892 4388 γάρ
914 4299 990 4370 οὔτε
1010 4315 1156 4368 καίουσιν
1178 4296 1254 4367 οὔτε
1273 4298 1522 4388 κατορύττουσιν
1551 4298 1693 4379 (fulmine
1715 4301 1817 4378 icus),
1845 4301 1917 4370 ἀλλ’
1939 4306 2014 4371 ἐῶσι

135 4409 393 4501 ποριᾳρὰξαντες
416 4407 498 4477 ὥσθ’
521 4407 667 4500 δρᾶσθαι
694 4409 771 4490 roric
800 4414 925 4502 νεκρούς
948 4409 1149 4500 α’σῆπτοος
1171 4410 1243 4486 niel,¹
1268 4413 1324 4499 τὴν
1348 4407 1524 4500 Εὐριπίδου
1550 4414 1717 4500 Κλομίνην
1739 4413 1927 4496 ἰλίγχοντες
1956 4415 2011 4480 ἐπὶ

138 4527 198 4590 τοῦ
223 4527 416 4598 Φαέθοντος
437 4526 597 4588 εἰποῦσαν

1001 855 1096 954 -l

1172 4635 1259 4716 eclog
1282 4633 1321 4696 d!
1339 4660 1395 4717 μοι

749 4737 885 4818 ἄλουτος
907 4742 944 4809 ἰν
966 4740 1106 4829 φάραγξι
1130 4739 1267 4826 σήπεται
1290 4754 1389 4820 νέκυς.

285 4849 367 4930 Ergo
401 4847 494 4912 luisse
527 4847 600 4910 dicit
627 4847 892 4924 Wilamowitzius‚
926 4869 998 4912 eum
1020 4849 1167 4932 Clymene
1195 4869 1262 4914 rem
1290 4854 1410 4931 gestam
1441 4850 1544 4926 sciret,
1578 4871 1688 4934 corpus
1716 4853 1857 4918 nondum
1885 4857 2027 4922 teneret..

133 4961 250 5024 Eodem
283 4959 377 5024 refert
409 4977 533 5022 versum
566 4977 661 5040 quem
691 4961 795 5041 paullo
828 4963 897 5042 post
927 4961 1000 5028 1666
1024 4961 1062 5042 C)
1091 4961 1278 5025 Plutarchus
1306 4981 1341 5024 ex
1364 4961 1508 5044 Euripide
1539 4961 1642 5026 hrhula
1665 4983 1725 5026 non
1747 4963 1881 5026 indicata
1903 4963 2010 5028 affert:

135 5069 272 5149 πολλοῦς
294 5073 328 5138 δὲ
350 5071 486 5160 βροντῆς
509 5070 622 5156 τραῦμ’
646 5068 786 5156 ἄναιμον
808 5070 932 5139 citrosa.
948 5075 968 5153 ¹)
1016 5072 1095 5136 Nam
1117 5071 1318 5134 Phaethontis
1349 5091 1459 5154 corpus
1482 5091 1514 5134 re
1545 5090 1615 5135 vera
1637 5091 1671 5134 ox
1696 5091 1773 5136 casu
1796 5073 1861 5154 ipso
1886 5075 2011 5138 vulnera

136 5179 286 5260 accepisse
318 5201 353 5243 ex
387 5181 560 5260 fragmehto
591 5181 687 5244 altero
711 5181 941 5244 claromontani
972 5185 1106 5264 apparet.
1152 5179 1211 5244 Sco
1240 5185 1274 5243 ut
1302 5181 1342 5243 sit
1371 5181 1428 5244 iste
1453 5201 1559 5243 vorsus
1582 5181 1673 5244 huius
1696 5181 1825 5258 fribulae,
1850 5185 1932 5264 (quod
1956 5205 2012 5266 ego

289 5409 308 5471 ¹)
330 5405 463 5460 concaua
486 5413 527 5461 est
550 5410 571 5460 is
596 5425 682 5462 rorans
710 5427 756 5478 ομ·
780 5407 890 5460 Tluouis
914 5407 1044 5474 Suryrnaai
1070 5409 1114 5474 (de
1135 5411 1225 5464 musio.
1249 5413 1265 5462 2
1288 5429 1311 5478 p.
1338 5415 1395 5474 48‚3
1418 5409 1504 5474 liiii),
1531 5409 1573 5476 qui
1599 5427 1629 5462 no
1656 5411 1768 5462 circuiris
1792 5411 1897 5479 «paridem
1921 5429 2011 5466 numen

136 5489 239 5542 induar.
276 5491 325 5558 Ap.
344 5490 413 5543 Plut.
432 5499 472 5543 ast
489 5490 600 5548 nollodr
617 5491 671 5562 γάρ
689 5499 716 5546 et
735 5499 841 5562 πνεῦμα
858 5509 904 5564 pro
924 5497 1035 5561 τραῦμα.

1809 5601 1824 5651 2
