4946 6528
1077 839 1095 899 3

147 1050 288 1134 aprima
309 1067 406 1113 manu
435 1047 486 1110 bie
514 1047 577 1110 illio
606 1047 738 1109 exstant.
783 1043 852 1108 Iota
880 1045 1004 1106 mutum
1026 1060 1080 1124 pro
1110 1040 1234 1104 libidine
1262 1043 1310 1105 vel
1340 1041 1491 1106 omissum
1517 1041 1567 1104 vel
1597 1040 1747 1116 additum,
1780 1039 1833 1103 sed
1864 1040 1895 1102 in
1923 1039 2031 1104 ordine

147 1167 322 1224 ceterarum
348 1159 534 1220 iltterarunr.
582 1155 821 1238 Interpunotum
851 1157 938 1216 esta
966 1155 1144 1228 oorreotma
1173 1170 1275 1234 neque
1301 1153 1417 1216 maiore
1446 1151 1627 1232 diligentia:
1659 1154 1800 1214 aeterum
1830 1150 2032 1230 distinguitur
2161 1187 2166 1194 -

147 1272 263 1359 στιγμή
287 1274 393 1337 τελεία
416 1268 449 1331 iu
472 1286 595 1331 summo
617 1285 709 1330 versu
731 1265 832 1347 posita
854 1264 892 1327 ab
914 1263 1096 1358 ὑποσιιγμῇ
1120 1264 1140 1345 (
1143 1263 1189 1326 vel
1211 1263 1318 1354 μέσῃ),
1352 1280 1430 1344 quae
1460 1262 1498 1325 ad
1528 1262 1647 1325 medias
1678 1262 1799 1324 litteras
1822 1263 1854 1324 et
1874 1260 1907 1324 in
1929 1260 2031 1324 medio

148 1400 238 1444 uersu
262 1379 402 1443 adicitur.
445 1379 483 1442 In
511 1379 571 1442 tine
599 1376 753 1452 orationis
783 1375 836 1439 ubi
866 1374 926 1438 alia
954 1391 1086 1457 persona
1114 1373 1231 1456 exeipit,
1261 1373 1321 1438 duo
1350 1375 1466 1456 prmota
1493 1373 1525 1435 iu
1556 1371 1684 1436 modum
1714 1371 1811 1436 nostri
1839 1371 1930 1447 ,;ooli“
1959 1370 2030 1452 poni

150 1491 257 1554 solent.
291 1527 329 1535 -
361 1489 503 1570 Denique
533 1489 591 1552 hoo
618 1505 736 1564 moneo,
766 1485 854 1549 initia
882 1503 1030 1548 versuum
1060 1483 1183 1560 retrahi,
1212 1503 1283 1547 oum
1313 1483 1453 1547 breviora
1480 1483 1542 1546 sint
1570 1484 1643 1558 oola,
1678 1482 1786 1546 eadem
1814 1480 1950 1564 proferri,
1980 1480 2030 1543 ubi

149 1601 302 1682 longiores
325 1619 431 1664 versus
453 1600 539 1664 velut
560 1598 672 1662 senarii
694 1597 840 1661 redeant:
871 1595 951 1676 quod
966 1595 1057 1675 vulgo
1079 1595 1111 1657 in
1134 1594 1218 1658 libris
1240 1595 1417 1658 lectitatum
1440 1597 1472 1656 et
1494 1601 1662 1673 ιλσθέσιος
1693 1596 1920 1674 exacuensque
1943 1609 2031 1654 vooa-

149 1712 230 1775 bulis
251 1715 467 1794 nuncupatum
489 1728 558 1774 esse
580 1708 703 1772 aliunde
725 1709 918 1789 compertum
941 1705 1100 1768 habemus.

303 1821 423 1884 Fabula
444 1822 511 1903 ipsa
526 1821 563 1882 de
578 1819 773 1884 Phaithonte
796 1817 938 1880 omnibus
961 1815 1139 1886 notissima;
1163 1813 1285 1877 altiores
1308 1813 1374 1876 eius
1396 1813 1528 1895 origines
1550 1831 1648 1896 nuper
1669 1813 1759 1877 doota
1773 1814 2032 1878 oommentatioue

150 1934 362 2016 perscrutatus
384 1935 432 1996 est
446 1931 611 1996 Udalrious
633 1930 670 1994 de
686 1925 1092 1992 Wilamouitz-Mdllendorf
1110 1924 1232 2008 (Herm.
1248 1923 1306 1988 vol.
1323 1922 1440 2000 XVHI,
1463 1944 1492 2006 p.
1510 1922 1698 2007 396-434).
1735 1923 1832 1986 Nobis
1854 1944 1937 1988 nuno
1959 1944 2031 1988 oum

151 2041 318 2125 Euripides
339 2040 444 2104 labula
466 2041 531 2104 sola
553 2040 680 2120 eiusque
703 2038 839 2118 reliquiis
862 2037 1021 2118 negotium
1044 2039 1098 2099 est.
1142 2033 1264 2115 Prologi
1287 2033 1340 2114 qui
1366 2034 1487 2116 proprie
1517 2034 1629 2098 dieitur
1657 2034 1869 2115 fragmentum
1898 2037 2032 2100 servavit

153 2151 264 2215 Strabo
286 2149 312 2232 (Ι
335 2170 363 2233 p.
387 2151 453 2235 33):
477 2149 495 2218 δ’
516 2158 543 2217 τ’
568 2147 748 2237 adornatae
770 2151 806 2218 ἐν
828 2151 874 2238 τῷ
901 2154 1072 2214 wartona
1094 2144 1152 2234 τὴν
1175 2147 1343 2229 Κλυμένην
1366 2146 1512 2224 δοθῆναί
1532 2166 1610 2232 φησι

580 2251 605 2281 ⁹
1007 2265 1138 2346 Μέροπι
1161 2256 1247 2344 τῆσδ’
1270 2253 1388 2322 ἄνακτι
1410 2259 1475 2342 γῆς,

690 2367 730 2455 ἢν
753 2371 788 2434 ἐκ
810 2375 1008 2454 τεθρίππων
1031 2363 1188 2456 άρμάιων
1211 2364 1344 2452 πρώτην
1364 2364 1476 2450 χθόνα

674 2475 791 2556 Ἥλιος
814 2477 958 2564 άνίσχων
980 2488 1100 2567 χρυσέᾳ
1122 2474 1239 2554 βάλλει
1261 2477 1366 2560 plays

685 2591 820 2656 καλοῦσι
843 2589 872 2654 δ’
896 2586 1001 2674 αὐτήν
1023 2600 1159 2669 γείτονες
1182 2585 1400 2672 μελάμβροτοι

677 2696 742 2766 Ἕω
765 2695 910 2784 φαεινάς
934 2696 1044 2764 Ἡλίου
1067 2701 1104 2761 a’
1128 2695 1348 2774 ἱπποστάσιις.
1892 2751 1894 2757 1

156 2809 353 2891 Signifioatur
374 2813 458 2873 terra
479 2809 517 2873 ad
540 2809 642 2892 ipsum
665 2808 813 2871 orientem
837 2808 933 2872 solem
956 2807 1024 2884 sita,
1048 2807 1131 2870 ultra
1152 2804 1326 2888 Aethiopes,
1358 2823 1434 2887 quos
1455 2804 1611 2868 Homerus
1634 2803 1706 2867 faoit
1728 2805 1882 2892 ἐσχάτους
1905 2805 2034 2896 ἀνδρῶν

154 2919 227 3000 (Od.
250 2949 272 2986 a
296 2921 357 3004 23).
401 2919 539 2983 difluere
562 2917 723 2984 Oceanum
745 2922 892 2998 ortusque
915 2937 987 2981 suos
1009 2917 1170 2998 fontesque
1192 2915 1253 2979 illis
1276 2915 1451 2995 regionibus
1473 2914 1586 2978 habere
1607 2913 1641 2976 in
1663 2913 1746 2977 ebori
1768 2915 1867 2997 primo
1898 2918 2033 2980 carmine

154 3030 266 3094 diserte
289 3030 409 3094 dicitur.
453 3031 550 3094 Addit
565 3029 690 3094 Strabo:
721 3035 781 3098 νῦν
802 3037 862 3115 μὲν
885 3027 923 3114 δή
945 3026 1055 3107 κοινάς
1079 3024 1305 3104 monstraretis
1328 3024 1606 3122 ἱπποσιάσειςτῇ
1632 3051 1666 3089 τι
1690 3023 1761 3090 Ἠοῖ
1779 3038 1835 3092 καὶ
1856 3032 1903 3116 τῷ
1922 3025 2032 3118 Ἡλίῳ,

154 3144 191 3210 ἐν
213 3143 247 3208 δὲ
271 3156 336 3221 τοῖς
360 3143 430 3224 ἑξῆς
453 3144 587 3230 πλησίον
610 3139 712 3220 αὐτάς
735 3163 832 3226 φησιν
854 3139 941 3208 εἶναι
963 3145 1005 3236 τῇ
1026 3145 1108 3226 οἰκίᾳ
1131 3142 1172 3236 τῆ
1193 3145 1356 3226 Μέροπος·
1379 3147 1435 3202 καὶ
1456 3129 1515 3232 ὅλῃ
1537 3161 1573 3216 γε
1597 3135 1639 3232 τῇ
1668 3136 1908 3226 ὅραματουργίᾳ
1937 3143 2033 3205 τοῦτο

156 3254 445 3340 nonantulanam.
491 3249 572 3329 Quid
595 3250 695 3313 dioere
717 3251 791 3313 velit
812 3249 971 3313 obscurius
994 3251 1055 3322 est;
1080 3248 1133 3311 sad
1155 3249 1242 3330 patet
1264 3246 1411 3310 discretas
1434 3263 1501 3309 esse
1523 3247 1630 3328 postea
1652 3263 1670 3306 a
1692 3245 1825 3327 Meropis
1847 3249 1931 3310 terra
1953 3247 2034 3311 Solis

155 3362 378 3444 1πποοιάσιις,
402 3379 481 3442 quae
504 3361 650 3426 oonlrrndi
672 3380 744 3425 oum
767 3379 803 3424 ea
826 3360 872 3422 bis
895 3359 1034 3422 versibus
1055 3359 1206 3422 videntur.
1231 3394 1271 3402 -
1295 3356 1512 3436 Sequebantur
1534 3355 1580 3418 vel
1604 3354 1748 3418 oontinuo
1770 3356 1818 3418 vel
1839 3357 1943 3440 paullo
1964 3361 2035 3440 post

155 3470 188 3533 hi
210 3490 332 3535 versus:

689 3579 794 3670 θερμὴ
816 3583 844 3648 δ’
867 3578 1007 3658 άναιιτος
1031 3580 1112 3664 φλὸξ
1135 3575 1375 3664 ὖπιρτίλλοσσσι
1397 3577 1454 3662 γῆς

688 3705 774 3757 καίοι
796 3692 838 3756 τά
863 3689 979 3780 πόρρω,
1003 3688 1173 3771 ariniara
1195 3690 1225 3754 δ’
1248 3684 1376 3775 εὔκραι’
1399 3686 1474 3773 ἔχει.

60 3813 66 3828 “
157 3800 297 3880 Quinum
325 3801 458 3864 altarum
488 3801 621 3864 servavit
643 3800 793 3864 Stobaeus
821 3800 897 3881 (Eoi.
920 3801 945 3876 I,
968 3801 1017 3876 25,
1040 3799 1080 3882 3),
1110 3799 1242 3862 alterum
1265 3795 1424 3859 Vitruvius
1454 3793 1642 3882 (11,1,13);
1676 3797 1833 3862 ooniunuit
1855 3798 2032 3862 Bamesius.

157 3911 193 3974 ln
222 3911 317 3976 altero
344 3910 513 3996 ισίμμύσιο
538 3915 566 3979 δ’
589 3910 803 3975 Valckenaerii
827 3909 974 3974 eorrectio
996 3911 1044 3972 est
1064 3927 1119 3991 pro
1141 3935 1368 3991 σοινγογναιιιι
1391 3905 1540 3970 oodiouru.
1583 3907 1712 3988 Prologo
1736 3907 1886 3972 Goethius
1908 3909 2034 3980 tribuit;

156 4023 260 4086 minus
282 4024 364 4086 reete
386 4022 538 4085 Matthiae
561 4021 612 4084 alii
635 4040 651 4084 e
673 4021 849 4084 narratione
871 4020 908 4083 da
924 4019 1119 4084 Phaethonte
1142 4018 1249 4098 auriga
1272 4035 1380 4081 aurrus
1403 4017 1524 4098 paterni
1546 4016 1726 4100 desumptos
1747 4037 1816 4082 esse
1836 4021 2032 4100 putaverunt.

157 4133 246 4196 Ratio
269 4135 374 4196 autem
397 4151 416 4195 a
436 4133 528 4215 poeta
549 4131 695 4209 redditur,
720 4150 775 4194 our
796 4132 872 4194 baeo
894 4133 976 4194 terra
999 4149 1079 4211 quae
1101 4132 1168 4193 tam
1193 4147 1288 4212 prope
1311 4147 1329 4190 a
1352 4127 1422 4190 Sole
1445 4126 1525 4190 absit
1552 4127 1675 4191 omnino
1705 4127 1836 4192 habitari
1866 4130 1970 4212 possit.
1994 4167 2032 4175 —
2055 4109 2057 4114 ¹

156 4241 320 4306 Praeterea
346 4243 488 4307 Laertius
517 4243 672 4324 Diogenes
706 4241 756 4321 (II,
780 4242 835 4324 10)
869 4241 964 4304 tradit
990 4240 1169 4323 Euripidem
1198 4240 1229 4302 in
1260 4239 1318 4302 hao
1348 4237 1452 4301 tabula
1481 4238 1579 4302 solem
1600 4249 1742 4326 χρυσίον
1763 4243 1873 4318 ,teitau
1905 4239 2034 4310 dixisse:

157 4352 342 4432 fueruntque
365 4354 418 4433 qui
440 4357 587 4436 putarent
609 4366 726 4443 χρυσέᾳ
748 4352 844 4442 βώλῳ
867 4357 975 4438 playa
998 4351 1115 4415 variam
1137 4351 1299 4414 leotionem
1321 4347 1416 4412 fuisse
1432 4347 1471 4410 ad
1493 4361 1610 4438 χροσσᾳ
1626 4339 1741 4427 βάλλει
1758 4350 1855 4432 φλογί
1869 4347 2034 4429 fragmenti

157 4461 265 4544 primi;
288 4467 321 4524 at
343 4462 394 4524 alii
409 4461 527 4526 Orestis
548 4463 652 4526 locum
668 4463 768 4546 (983);
800 4461 930 4532 atatam
953 4475 1119 4552 χρυσέαισι
1142 4473 1323 4548 ιμρομέναν
1345 4462 1466 4526 δίναισι
1486 4461 1594 4538 βῶλον
1615 4461 1651 4536 ἐξ
1675 4457 1852 4542 Ὀλύμπου,
1876 4460 1908 4522 in
1931 4463 2035 4524 mente

158 4572 302 4636 babuisse
317 4572 488 4652 Diogenem
510 4575 698 4636 statuemnt.
745 4573 804 4636 Sed
828 4573 904 4636 nihil
926 4573 1007 4654 angit
1028 4576 1064 4634 ut
1085 4590 1234 4652 negemus
1258 4571 1359 4650 aliquo
1375 4568 1578 4634 Phaethontis
1593 4569 1657 4632 looo
1673 4569 1749 4632 haee
1764 4571 1857 4656 verba
1873 4572 2034 4636 exstitisse.

158 4721 195 4728 -
228 4682 399 4765 Clymenen
425 4684 525 4766 ipsam
557 4681 721 4766 prologum
749 4684 884 4748 looutam
914 4703 981 4746 esse
1010 4681 1206 4765 probabiliter
1238 4681 1366 4746 oonieoit
1388 4679 1465 4756 Rau,
1495 4679 1553 4742 etsi
1576 4678 1736 4744 Strabonis
1764 4680 1857 4743 verba
1886 4701 1946 4745 non
1979 4682 2036 4746 boo

157 4794 301 4858 indicent.
346 4793 431 4873 Quae
454 4795 552 4876 primo
574 4795 717 4871 diluoulo,
740 4795 812 4857 ante
842 4796 945 4857 ortum
968 4793 1057 4870 Solis,
1090 4792 1210 4874 prodiit,
1243 4793 1280 4856 ut
1301 4809 1372 4854 oum
1395 4789 1456 4853 filio
1478 4789 1673 4854 Phaethonte
1703 4790 1741 4854 de
1769 4791 1885 4873 nuptiis
1908 4810 1985 4872 quas
2008 4793 2036 4855 ei

157 4911 245 4987 pater
266 4906 397 4988 parabat
418 4909 531 4987 ageret
575 4905 672 4969 Filius
695 4905 778 4968 enirn
800 4904 925 4986 nuptias
948 4903 1117 4980 abnuebat,
1153 4919 1247 4984 supra
1269 4920 1302 4964 se
1324 4919 1376 4964 eas
1400 4919 1468 4964 esse
1492 4873 1674 4974 arbitratum
1706 4900 1818 4984 quippe
1844 4901 1902 4964 dea
1932 4902 2036 4984 aliqua

159 5017 185 5078 ei
209 5035 226 5078 a
247 5021 334 5098 patre
357 5015 509 5099 desponsa
531 5019 607 5080 erat.
651 5015 720 5078 lam
742 5017 843 5079 mater
865 5017 901 5076 ut
923 5014 1041 5077 animos
1065 5013 1130 5076 eius
1153 5013 1283 5093 erigeret
1296 5029 1401 5075 veram
1417 5010 1564 5092 originem
1580 5010 1707 5076 tandem
1726 5013 1838 5093 aperit:
1863 5009 1941 5076 Solis
1964 5031 2036 5077 eum

158 5144 224 5188 esse
251 5127 349 5190 tilium
371 5147 387 5190 e
410 5127 602 5192 clandestino
631 5127 813 5191 commendo
841 5125 914 5188 olim
943 5126 1134 5206 oonoeptum,
1162 5142 1224 5188 non
1253 5122 1387 5204 Ileropis
1421 5121 1559 5186 mortalis
1591 5121 1733 5186 hominis.
1785 5123 1932 5187 Extrema
1964 5142 2036 5206 pars

158 5233 250 5296 huius
272 5236 412 5316 colloquii
434 5237 611 5319 proloquue
635 5235 758 5300 fabulae
780 5235 813 5298 in
834 5233 1065 5300 Claronrontani
1086 5233 1259 5316 fragmento
1280 5233 1379 5316 priore
1401 5232 1488 5296 nobis
1511 5235 1632 5298 servata
1654 5237 1710 5298 est
1745 5233 1905 5296 Habemus
1929 5233 2036 5298 XVIII

159 5343 340 5408 senarios'in
356 5347 453 5410 altera
467 5347 597 5430 pagina;
620 5346 651 5409 iu
673 5345 774 5429 prima
789 5345 971 5408 detruncata
988 5344 1090 5428 exitus
1108 5332 1254 5426 uersuum
1270 5342 1428 5406 XXXVII.
1445 5341 1450 5352 '
1465 5341 1551 5420 Quae
1567 5342 1712 5424 reliquiae
1729 5345 1869 5424 quamvis
1885 5361 2036 5426 magnum

159 5473 251 5518 usum
275 5455 412 5518 nondum
433 5457 609 5538 praebeant,
632 5460 738 5520 tamen
761 5455 867 5537 quales
889 5456 990 5536 legere
1012 5454 1097 5537 potui
1120 5455 1182 5518 iam
1205 5453 1402 5518 subioientur.

966 5569 975 5586 .
1833 5572 1863 5628 l·
