4946 6528
1370 849 1389 909 2

1282 937 1483 944 ...-..-.......—..

435 1055 528 1126 illius,
557 1073 618 1135 quo
640 1055 745 1117 cetera
765 1051 892 1136 perfusa
913 1053 995 1128 sunt,
1026 1051 1162 1134 expertia
1184 1053 1376 1128 mansemnt,
1404 1070 1488 1114 nnnc
1516 1052 1622 1112 tamen
1650 1049 1754 1133 paullo
1777 1049 1968 1114 commodius
1992 1069 2086 1132 quam
2109 1053 2235 1116 antehac
2257 1055 2322 1136 legi

436 1167 574 1248 possunt.
612 1164 766 1228 Abstrusa
788 1163 871 1226 enim
894 1165 961 1225 erat
983 1181 1020 1226 ea
1040 1159 1183 1226 loliorum
1205 1181 1277 1245 pars
1299 1161 1331 1224 in
1354 1161 1466 1226 codicis
1488 1161 1613 1224 intimos
1636 1178 1786 1236 recessus,
1809 1163 1841 1224 et
1862 1160 1893 1223 id
1916 1159 1998 1242 quod
2020 1162 2235 1244 complicatum
2252 1169 2320 1228 erat

435 1277 561 1340 omnino
583 1295 641 1338 usu
665 1275 810 1356 carebatq
834 1293 919 1337 nunc
952 1275 1058 1336 autem
1081 1274 1206 1336 anctore
1227 1273 1292 1336 viro
1319 1271 1489 1336 clarissimo
1511 1271 1666 1354 Laopoldo
1689 1271 1813 1347 Densis,
1847 1272 1899 1352 qui
1931 1271 2132 1336 bibliothecae
2154 1273 2319 1338 Parisiensi

435 1388 566 1470 praeest,
589 1385 649 1450 dno
671 1384 745 1450 lolia
767 1403 803 1448 ex
825 1383 936 1448 codicis
967 1401 1113 1465 compage
1142 1384 1281 1448 exsoluta
1308 1386 1389 1458 sunt,
1418 1385 1637 1465 marginesqne
1660 1380 1808 1464 replicati.
1851 1380 1940 1445 Idem
1968 1382 2087 1446 curavit
2111 1383 2147 1446 ut
2176 1387 2325 1464 quattuor

434 1497 527 1561 facies
549 1495 791 1579 photographica
814 1497 880 1558 arte
904 1513 1000 1576 quarn
1021 1493 1255 1574 diligentissime
1279 1495 1529 1577 exprimerentur,
1553 1493 1757 1574 exemplaque
1784 1511 1907 1556 mecum
1929 1493 2204 1575 communicator)
2251 1493 2324 1572 Qua

436 1628 492 1692 pro
513 1607 695 1670 liberalitate
718 1624 852 1686 curaque
876 1607 907 1668 et
927 1604 986 1686 ipsi
1009 1608 1040 1668 ot
1063 1605 1129 1668 eius
1151 1604 1282 1668 adiutori
1303 1605 1437 1670 Henrico
1460 1603 1584 1680 Omont,
1609 1603 1661 1684 qni
1684 1623 1745 1668 non
1768 1623 1829 1667 uno
1850 1602 1978 1666 nomine
2001 1622 2051 1666 me
2075 1603 2132 1666 sibi
2151 1603 2325 1680 obstrinxit

436 1721 494 1784 hoo
516 1720 582 1782 loco
603 1717 724 1801 publice
748 1719 851 1797 grates
873 1715 993 1780 debitas
1015 1717 1100 1778 actas
1123 1733 1191 1778 esse
1213 1715 1290 1780 volo.

589 1827 660 1892 Mea
682 1829 788 1890 antem
809 1844 902 1910 opera
923 1826 1000 1890 haec
1022 1825 1089 1888 fuit.
1133 1825 1274 1890 Primum
1297 1843 1323 1889 a.
1349 1825 1429 1888 1877
1460 1824 1535 1888 haec
1557 1824 1733 1905 fragmenta
1764 1826 1830 1887 tota
1859 1823 1992 1896 contuli;
2024 1824 2106 1904 quod
2135 1843 2173 1888 ex
2200 1826 2325 1907 paginis

436 1939 628 2005 detmnoatis
654 1941 723 2002 tum
753 1936 816 2018 legi
844 1937 946 2020 potuit
974 1935 1127 2018 exscripsi.
1172 1935 1291 2000 Deinde
1318 1953 1344 2000 a.
1371 1935 1454 1997 1884
1481 1937 1513 1999 et
1534 1935 1728 2016 integrarum
1756 1933 1940 2016 paginarum
1967 1934 2047 1998 locos
2075 1934 2193 2016 aliquot
2220 1935 2324 2000 denno

437 2050 563 2134 inspexi,
596 2053 628 2114 et
649 2048 904 2112 detruncatarum
937 2047 1148 2130 apographum
1170 2046 1273 2110 minus
1298 2064 1392 2127 quam
1415 2049 1507 2110 antea
1528 2063 1676 2108 mancum
1699 2042 1824 2108 confeci.
1862 2043 1985 2108 Harum
2003 2043 2099 2125 igitur
2120 2044 2326 2127 reliquiarum

439 2161 527 2243 ecqui
549 2161 589 2224 sit
611 2179 687 2224 usus
718 2177 788 2224 mox
818 2157 984 2241 apparebit.
1031 2157 1092 2222 Sed
1124 2176 1174 2220 res
1201 2159 1307 2220 monet
1341 2157 1376 2220 ut
1404 2175 1502 2238 pauca
1540 2155 1626 2238 prins
1656 2154 1693 2218 de
1732 2155 1855 2219 vetusto
1888 2153 1990 2218 codice
2024 2153 2199 2237 Euripidae,
2236 2156 2327 2219 cuius

437 2273 564 2338 lacinias
587 2277 740 2345 tenemus,
763 2271 794 2333 in
816 2269 999 2333 uniuersum
1020 2267 1185 2351 disputem.

590 2383 635 2446 llx
657 2381 766 2465 prioris
789 2381 851 2445 folii
878 2379 992 2463 pagina
1018 2378 1185 2461 posteriore
1215 2379 1352 2459 apparet,
1382 2395 1530 2440 versuum
1558 2393 1728 2438 numerum
1754 2374 1786 2438 in
1817 2375 1948 2456 singulis
1974 2375 2095 2458 paginis
2122 2375 2216 2440 fuisse
2238 2377 2324 2441 XLI.

437 2495 573 2559 Litterae
596 2493 671 2557 satis
694 2491 826 2573 grandes
849 2492 930 2567 sunt,
951 2489 1001 2553 vix
1023 2489 1157 2552 minores
1180 2507 1275 2569 quam
1296 2487 1329 2550 in
1352 2487 1417 2570 ipso
1433 2485 1689 2558 Olaromontano;
1713 2485 1768 2550 sed
1784 2503 1892 2550 versus
1915 2485 2019 2570 paullo
2042 2487 2204 2568 angustius
2226 2506 2326 2568 quam

437 2606 469 2668 in
492 2606 550 2670 hoo
571 2602 719 2686 dispositi.
764 2601 812 2666 Ne
835 2619 933 2682 genus
956 2600 1082 2681 quidem
1104 2598 1272 2682 scripturae
1294 2599 1431 2661 multum
1453 2597 1621 2679 discrepat:
1644 2601 1745 2660 rectae
1768 2597 1843 2660 sunt
1862 2596 1984 2660 litterae
2007 2597 2039 2660 in
2062 2597 2326 2679 utroque,for1na

438 2718 621 2801 plerumque
652 2715 719 2777 lata
740 2711 917 2793 nequedum
946 2711 978 2774 in
1009 2714 1178 2792 angustum
1205 2708 1345 2791 redacta;
1385 2709 1454 2771 tum
1484 2707 1631 2790 capitales
1662 2706 1775 2770 ductus
1803 2706 2006 2770 crassitudine
2035 2707 2182 2789 insignes,
2210 2711 2324 2772 tenues

438 2826 556 2908 reliqui,
590 2827 627 2888 ut
647 2824 805 2888 interdum
827 2842 911 2887 nunc
941 2821 1067 2902 quidem
1096 2822 1220 2884 oculum
1244 2818 1402 2899 effugiant.
1448 2803 1515 2882 Sed¹
1532 2816 1763 2882 claromontani
1785 2817 1928 2882 librarius
1955 2820 1986 2882 et
2015 2818 2095 2882 hano
2116 2817 2324 2882 differentiam

441 2937 526 3002 auxit
557 2939 589 3000 et
620 2939 730 3000 tennes
763 2934 862 2997 lineas
895 2951 997 2996 cresso
1031 2933 1144 3014 puncto
1177 2929 1361 3003 terminavit,
1403 2927 1484 3010 quod
1518 2947 1616 3008 genus
1656 2927 1825 3010 scripturae
1858 2928 2035 2992 clarifonne
2068 2949 2151 2994 nunc
2189 2929 2322 3002 dicitur;

440 3053 547 3115 oontm
577 3045 732 3127 antiquior
759 3045 835 3108 haec
861 3030 978 3126 puncta
1004 3043 1053 3106 xix
1081 3041 1236 3106 indicarit.
1288 3040 1369 3104 Sunt
1396 3039 1428 3102 in
1459 3038 1588 3120 singulis
1620 3057 1742 3120 qnoque
1764 3039 1876 3102 litteris
1907 3039 2114 3104 differentiae:
2145 3049 2180 3108 A
2191 3051 2222 3106 A
2233 3051 2267 3108 A
2290 3041 2321 3104 in

440 3159 609 3224 recentiore
625 3157 727 3222 codice
748 3154 925 3236 angustiore
945 3153 1044 3234 forma
1059 3155 1148 3222 suntr
1177 3151 1343 3220 Illitterae
1363 3169 1486 3214 summu
1502 3150 1584 3212 linea
1599 3149 1630 3212 in
1648 3151 1812 3231 utramque
1834 3151 1955 3232 partem
1968 3153 2126 3233 porrecta3
2150 3159 2181 3217 K
2199 3152 2322 3215 litterae

440 3272 549 3335 dextra
570 3287 642 3352 pars
665 3285 683 3330 a
705 3266 831 3330 sinistra
852 3265 952 3344 magis
975 3281 1069 3344 quam
1090 3263 1122 3326 iu
1146 3262 1242 3326 altero
1269 3265 1421 3345 separata.
1480 3269 1510 3327 dt
1525 3271 1600 3328 ΨΡ
1618 3259 1651 3322 in
1680 3263 1811 3341 utroque
1832 3261 1865 3323 in
1887 3260 2060 3326 inferiorern
2082 3263 2204 3344 partem
2225 3262 2322 3344 porri·

441 3383 558 3463 guntur
582 3379 632 3459 (ω
653 3387 689 3444 qr
709 3376 803 3440 etiam
826 3374 858 3438 iu
883 3373 1101 3457 superiorem);
1138 3373 1171 3436 at
1197 3381 1227 3438 Y
1244 3373 1344 3453 magis
1374 3373 1407 3436 in
1428 3371 1591 3454 Euripiden
1622 3389 1717 3452 quam
1743 3371 1776 3434 in
1798 3370 2048 3436 Claromontano.
2102 3371 2136 3436 Si
2164 3372 2215 3436 hic
2244 3373 2318 3436 serti

441 3490 555 3556 saeculi
577 3492 633 3564 cst
655 3488 790 3550 alterum
812 3485 877 3549 sine
900 3485 1005 3565 magni
1026 3483 1136 3548 erroris
1159 3482 1292 3564 periculo
1314 3502 1376 3546 uno
1398 3483 1521 3546 saeculo
1537 3481 1742 3562 antiquiorem
1764 3481 1872 3545 leceris
1888 3486 1919 3546 et
1934 3481 1972 3546 ad
1994 3483 2139 3562 quintum
2153 3482 2315 3546 rettuleris.

428 3601 504 3665 Sed
526 3600 657 3664 missum
679 3598 740 3661 iam
764 3595 913 3660 faciamus
929 3593 1220 3666 Claromontanum;
1243 3593 1281 3657 de
1297 3593 1461 3675 Euripideo
1483 3593 1547 3656 solo
1570 3611 1709 3673 agamus.
1747 3591 1907 3675 Scriptura
1928 3592 1993 3656 eius
2013 3593 2072 3657 hoo
2092 3590 2315 3673 inaequalitatis

439 3713 540 3786 habet,
572 3709 655 3791 qnod
684 3708 716 3772 in
743 3691 888 3772 extremis
920 3705 1066 3781 versibus,
1098 3723 1138 3768 ne
1172 3705 1309 3786 spatium
1341 3705 1390 3768 xel
1408 3703 1541 3768 ¹deficiat
1570 3703 1619 3767 xel
1653 3705 1755 3766 totum
1785 3703 1957 3786 expleatur,
1991 3703 2114 3766 litterae
2150 3700 2317 3765 admodum

440 3823 632 3896 decrescunt,
663 3818 814 3884 rotrmdne
835 3817 969 3880 maxime
993 3817 1048 3898 (E,
1067 3819 1103 3892 Θ,
1124 3824 1159 3888 0,
1180 3821 1211 3887 C,
1235 3815 1329 3880 etiam
1352 3815 1405 3895 ω),
1428 3814 1556 3878 minime
1579 3813 1719 3878 omnium
1742 3831 1795 3878 eae
1819 3831 1898 3894 quae
1920 3813 2036 3876 lineam
2056 3816 2174 3877 rectam
2195 3811 2317 3886 habent,

440 3939 475 3998 nt
497 3943 525 4009 Ι,
548 3941 583 4014 l‘,
604 3939 640 4012 T,
661 3937 706 4009 11,·
729 3929 833 4010 itaque
855 3926 952 3992 sicubi
974 3926 1006 3989 in
1028 3927 1167 3990 clausula
1189 3945 1297 3990 versus
1320 3935 1351 3992 E
1370 3928 1401 3988 ct
1420 3933 1456 4008 Τ,
1479 3928 1516 3989 ut
1537 3925 1675 4008 exemplo
1697 3927 1776 4000 utar,
1798 3923 1884 3988 iuxta
1905 3927 2072 4008 ponuntur,
2095 3923 2194 3988 minor
2215 3922 2317 3986 littera

440 4044 529 4126 quasi
552 4043 609 4106 sub
632 4041 744 4104 umbra
765 4038 889 4102 maioris
912 4037 1073 4102 delitescit.
1109 4036 1204 4100 Pleno
1228 4037 1335 4100 autem
1357 4035 1460 4100 omnia
1482 4035 1668 4111 scribuntur,
1700 4035 1759 4098 nisi
1790 4033 1871 4115 quod
1894 4041 1959 4100 ΩΝ
1978 4033 2105 4116 syllaba,
2134 4033 2222 4098 sicuti
2253 4032 2315 4094 ianr

440 4156 470 4220 in
493 4153 617 4238 papyris
633 4149 827 4234 Hyperideis,
851 4148 904 4212 ubi
922 4166 1048 4212 uersum
1069 4147 1187 4210 clandit
1214 4145 1239 4210 ὦ
1261 4148 1336 4210 nota
1358 4145 1564 4226 significatum
1588 4144 1716 4208 subinde
1742 4143 1836 4208 etiam
1851 4153 1912 4212 ΘΝ
1932 4147 2006 4208 noto
2023 4137 2059 4214 ὃ.
2076 4179 2114 4190 -
2132 4143 2318 4208 correctoris

439 4283 562 4340 manus·
589 4263 641 4345 qui
669 4261 905 4324 innumerorum
931 4259 1076 4322 vitiomm
1104 4275 1183 4339 quae
1212 4257 1356 4320 librarius
1386 4255 1554 4320 admiserat
1584 4255 1616 4318 in
1645 4255 1744 4337 priore
1773 4253 1844 4318 lolio
1871 4255 2048 4330 maximam,
2083 4255 2115 4318 in
2152 4255 2318 4338 posteriore

440 4376 602 4441 minimam
624 4375 746 4456 partem
769 4369 904 4446 sustulit,
927 4387 962 4432 ex
984 4368 1079 4432 minio
1102 4387 1162 4448 quo
1185 4387 1260 4431 usus
1282 4369 1330 4430 est
1351 4365 1497 4430 facillime
1521 4365 1730 4446 distinguitur,
1752 4383 1853 4446 neque
1869 4366 2035 4446 quicquam
2057 4366 2170 4430 clarius
2192 4367 2320 4448 apparet

440 4505 536 4569 quam
565 4485 693 4548 alten'us
723 4500 835 4546 manus
864 4479 1084 4543 additamenta.
1129 4478 1247 4542 Eadem
1277 4477 1397 4542 addidit
1425 4494 1629 4559 personarum
1658 4483 1748 4540 notas
1776 4477 2055 4560 paragraphosqne,
2085 4478 2196 4558 quibus
2227 4476 2320 4540 aliam

440 4615 605 4682 personam
629 4593 764 4676 excipere
787 4591 947 4666 indicatur,
977 4590 1007 4654 id
1030 4591 1078 4654 est
1098 4589 1197 4653 lineas
1219 4591 1410 4653 transversas
1440 4587 1526 4650 initio
1548 4605 1696 4650 versuum
1726 4587 1909 4670 suppositas,
1953 4587 1992 4651 In
2014 4606 2217 4669 personarum
2239 4587 2319 4651 notis

439 4708 560 4775 cursivo
583 4705 665 4788 quod
686 4723 833 4769 vocamus
856 4701 1025 4785 scripturae
1041 4719 1153 4781 genere
1176 4717 1233 4764 usa
1255 4701 1310 4774 est,
1332 4698 1364 4761 id
1387 4695 1603 4762 estinohnatis
1627 4697 1792 4779 ligatisque
1814 4698 1926 4764 litteris
1942 4701 1974 4762 et
1988 4699 2109 4762 diversa
2125 4695 2319 4779 quarundam

440 4820 548 4893 forma,
570 4816 705 4880 maxime
729 4823 759 4880 E
778 4814 907 4888 litterae,
937 4811 1024 4876 cirins
1055 4810 1192 4893 superior
1220 4828 1292 4892 pars
1321 4809 1359 4873 ab
1385 4807 1525 4872 inferiore
1554 4810 1717 4890 separatur
1748 4811 1779 4872 et
1809 4828 1880 4872 oum
1906 4810 2044 4892 proxima
2065 4809 2170 4872 littera
2196 4809 2319 4889 ligatur.

440 4931 522 4995 Item
544 4928 576 4992 in
599 4926 743 4992 correctis
765 4924 839 4988 locis
861 4923 983 4986 litterae
1006 4921 1128 5004 saepius
1150 4921 1314 5004 paululum
1341 4919 1505 4984 inclinatae
1529 4921 1610 4994 sunt,
1639 4918 1853 4999 magnitudine
1882 4922 1987 4984 autem
2016 4918 2175 4999 aliquanto
2202 4919 2320 4982 minore

441 5059 536 5123 quam
558 5038 675 5122 primae
699 5055 811 5100 manns
834 5034 994 5116 scriptura.
1041 5035 1194 5098 Accentus
1222 5031 1410 5114 spiritusque
1440 5032 1483 5112 (l
1512 5031 1560 5093 vel
1586 5035 1624 5109 1,,·
1647 5031 1690 5110 7)
1723 5033 1873 5096 corrector
1893 5030 1926 5094 in
1947 5029 2048 5112 prima
2069 5027 2183 5110 pagina
2203 5029 2322 5110 passim

441 5150 586 5241 appinxit,
608 5151 715 5232 'postea
736 5165 820 5219 raro;
848 5144 1050 5229 apostrophus
1080 5145 1111 5208 et
1133 5143 1194 5207 duo
1219 5144 1343 5226 puncta,
1373 5140 1484 5222 quibus
1507 5149 1527 5207 1
1547 5140 1651 5204 littera
1674 5141 1827 5222 syllabam
1849 5139 1996 5222 incipiens
2023 5137 2198 5220 insignitur,
2227 5139 2321 5202 etiam

441 5325 585 5332 ----.—-
598 5321 846 5331 —-.-...-—--—--...-

595 5417 615 5480 ¹)
632 5412 672 5468 Ns
690 5412 797 5467 lectores
816 5408 929 5478 exemplo
947 5407 1045 5476 priscae
1063 5405 1206 5475 scripturae
1223 5403 1347 5470 carerent,
1368 5419 1419 5456 una
1438 5419 1467 5456 ox
1485 5402 1522 5456 eis
1540 5403 1637 5458 tabulis
1662 5401 1707 5468 (II,
1728 5402 1753 5468 1)
1777 5399 2045 5472 photolithograpbica
2069 5404 2124 5456 arto
2151 5401 2234 5454 efficta
2258 5397 2318 5450 huic

441 5498 617 5553 dissertationi
635 5496 737 5550 adiecta
756 5497 803 5547 ost.
